2992 5048
626 412 789 471 -los-

163 536 287 608 hannis,
306 535 360 607 qui
375 536 442 592 erat
454 534 626 608 baptismus
640 536 843 609 poenitentiae
859 535 1117 594 inremissionem
1130 549 1240 608 pecca·

162 640 278 703 torum,
312 630 452 704 quamvis
480 633 602 689 nullum
633 632 761 691 haberet
789 633 856 705 ipse
882 635 1039 704 peceatum
1061 654 1088 689 n.
1107 636 1236 703 August.

162 733 284 799 Quaest.
302 731 335 786 in
349 728 446 784 Levit.
466 728 487 784 l.
514 729 611 798 111,o‚
628 730 673 786 10.
694 760 730 771 -
744 730 772 798 3,
788 729 805 785 3
820 743 890 801 sqq.
917 727 1095 786 columbam
1115 728 1235 787 christi

161 831 270 898 typum
283 838 402 895 gerere,
415 824 480 894 jam
493 839 587 896 supra
602 826 640 883 ad
665 809 812 896 hymnum
830 827 957 883 xxxvl
976 824 1117 895 diximus,
1137 825 1187 883 eui
1200 829 1232 884 et

160 923 241 992 illud
252 922 323 980 addi
347 924 458 993 potest,
486 923 705 981 eucharistiam
730 922 853 980 indeab
878 921 967 979 initio
989 921 1022 978 in
1043 921 1182 994 vasibus,
1194 922 1235 981 ad

162 1019 395 1079 similitudinem
419 1018 634 1076 columbarum¹
653 1018 742 1077 factis
767 1033 802 1076 ac
823 1033 928 1090 ‘super
952 1020 1049 1077 altare
1063 1021 1233 1092 suspensis,

161 1118 261 1175 tuisse
288 1120 485 1174 asservatam.
516 1116 630 1174 Eadem
646 1120 678 1174 et
700 1106 815 1174 amoris
843 1120 874 1174 et
888 1116 957 1174 ideo
987 1117 1115 1190 spiritus
1136 1119 1234 1176 saneti

161 1215 335 1287 symbolum
362 1214 533 1271 adhibetur.
564 1216 608 1272 ite
628 1213 772 1272 columba
797 1215 988 1285 Augustinus
1016 1216 1111 1273 Serm.
1137 1216 1172 1273 61
1194 1217 1232 1274 de

160 1313 265 1371 verbis
280 1326 389 1382 evang.
407 1312 526 1383 (Matth.
546 1313 590 1381 10,
608 1312 654 1385 16)
669 1329 676 1368 :
691 1330 705 1368 s
718 1313 852 1371 ‘Attende
864 1311 1021 1370 columbas
1035 1313 1068 1369 in
1087 1313 1231 1381 societate

162 1411 297 1482 gaudere
313 1428 321 1478 ;
335 1408 451 1481 ubique
465 1409 559 1467 simul
573 1411 693 1478 volant,
705 1411 799 1467 simul
819 1412 1000 1483 pascuntur,
1027 1411 1137 1468 nolunt
1161 1425 1231 1469 esse

163 1509 257 1575 solae,
286 1505 502 1562 communione
531 1507 677 1580 gaudent,
712 1506 870 1563 caritatem
902 1509 1037 1575 servant,
1067 1507 1229 1576 gemitibus

162 1603 273 1660 amoris
284 1604 488 1672 murmurant,
503 1603 618 1659 osculis
629 1602 710 1659 illios
724 1605 881 1672 generant.
893 1605 970 1659 Nam
982 1602 1104 1674 quando
1114 1604 1231 1661 colum·

162 1701 229 1768 bae,
246 1701 328 1773 quod
340 1699 740 1771 plerumque-advertimus,
756 1699 837 1756 inter
851 1713 885 1756 se
896 1700 1035 1756 rixantur
1056 1700 1095 1757 de
1108 1700 1228 1758 cellulis

162 1798 238 1868 suis,
255 1796 478 1869 quodammodo
496 1799 604 1869 pacata
619 1797 774 1853 contentio
789 1800 846 1853 est.
863 1797 1029 1869 Numquid,
1042 1797 1114 1869 quia
1126 1796 1228 1853 rixan-

157 1896 219 1962 tur,
245 1890 481 1965 separanturi...
509 1893 657 1951 columba
670 1896 753 1950 amat
776 1897 807 1950 et
828 1894 950 1966 quando
977 1893 1117 1960 rixatur3
1131 1892 1225 1963 lupus

158 1989 233 2059 odit,
247 1989 369 2061 quando
395 1978 523 2060 rixatur,
539 1991 634 2061 lupus
663 1990 736 2057 odit,
753 1993 785 2047 et
808 1990 931 2062 quaudo
953 1987 1151 2047 blanditur».
1179 1990 1221 2044 lie

158 2089 279 2144 turture
294 2086 400 2144 confer
429 2102 508 2158 quae
522 2088 639 2159 passim
654 2087 747 2144 habet
770 2090 820 2145 Dr.
846 2091 897 2145 Fr.
929 2087 1078 2144 Lauchert
1099 2084 1131 2141 in
1145 2083 1224 2143 libro

157 2185 317 2255 praeclaro
334 2204 349 2235 «
364 2184 544 2240 Geschichte
558 2184 837 2254 des‘Physiologus
853 2203 878 2255 s,
895 2183 1073 2252 strassburg
1096 2182 1176 2238 1889.
1187 2210 1224 2224 —-

152 2282 181 2348 5,
195 2279 228 2335 3.
245 2284 366 2349 Agnum
381 2294 492 2337 vertitu
508 2280 664 2337 Christum
679 2279 829 2351 intellige,
844 2282 883 2340 de
897 2294 957 2352 quo
975 2279 1111 2350 Baptista
1124 2294 1131 2333 τ
1144 2281 1222 2335 Eece

151 2385 250 2441 agnus
264 2374 329 2442 Dei,
347 2373 457 2443 inquit,
477 2387 549 2430 eece
575 2374 629 2445 qui
643 2374 725 2430 tollit
749 2379 875 2445 peccata
888 2372 993 2430 mundi
1006 2373 1083 2443 (lob.
1110 2373 1136 2441 1,
1150 2372 1197 2443 29)
1212 2390 1220 2439 ;

149 2483 220 2525 nam
239 2472 276 2526 ut
287 2484 384 2539 agnus
398 2471 567 2541 paschalis,
581 2471 625 2527 ita
637 2473 668 2528 et
681 2485 780 2540 agnus
791 2469 1012 2543 purificationis
1028 2483 1085 2540 pro
1095 2472 1219 2540 peccato

148 2566 343 2636 offerebatur,
369 2571 462 2639 atque
473 2568 516 2624 ita
536 2571 630 2639 typus
644 2584 657 2622 t
672 2567 853 2638 agninam»
868 2571 942 2634 erat,
959 2565 1090 2639 quodne
1105 2564 1219 2622 eifl'cie-

147 2663 210 2730 bat,
226 2678 305 2734 quae
319 2664 371 2720 isti
387 2649 646 2734 significaverant.

183 2762 246 2816 XL.
262 2764 296 2828 B,
313 2760 365 2817 sol.
381 2763 416 2818 89
432 2776 449 2817 a
463 2778 470 2830 ;
484 2763 517 2829 G,
534 2762 590 2819 iol.
612 2762 664 2818 138
676 2761 707 2817 b.
723 2790 757 2806 -
788 2762 941 2819 lectiones
961 2758 1111 2817 variantes
1124 2773 1132 2814 ε
1147 2760 1175 2829 3,
1187 2761 1217 2829 2,

145 2859 280 2927 ligneus,
298 2861 331 2915 G.
346 2888 382 2902 -
392 2860 420 2927 6,
431 2861 458 2924 2,
472 2864 681 2929 mansuratur,
698 2859 949 2917 G.-Adnotanda
961 2874 969 2916 ε
982 2858 1010 2929 3,
1027 2859 1041 2914 1
1056 2870 1124 2929 sqq.
1134 2861 1216 2915 llaec

146 2969 183 3010 ex
198 2955 359 3012 Ezechiele
386 2957 432 3024 10,
446 2957 546 3028 seqq.
563 2959 685 3012 111111
712 2957 773 3026 cir,
790 2960 883 3027 cujus
903 2960 974 3013 eret
986 2954 1104 3024 species
1119 2955 1214 3024 queri

145 3049 264 3117 speeies
279 3050 365 3106 aeris
379 3057 408 3106 et
429 3052 601 3119 funiculus
617 3052 770 3108 1111111111
793 3065 897 3109 anone
920 3055 986 3119 11111
1009 3055 1038 3106 11
1062 3052 1220 3106 colomers.

146 3159 320 3202 mensurae
336 3145 372 3201 in
386 3161 491 3204 manu
513 3150 614 3217 ejus...
630 3150 669 3203 ut
682 3148 880 3205 eece'neurus
892 3147 1073 3216 forinsecus
1101 3144 1136 3201 in
1150 3145 1213 3201 eir·

145 3237 237 3294 cuitu
252 3241 368 3297 domos
395 3241 540 3312 undique
556 3241 632 3298 etin
661 3255 764 3298 monae
790 3241 855 3298 viri
867 3245 1016 3298 colemus
1038 3252 1212 3296 mensurae

142 3349 199 3390 sex
213 3333 399 3392 cubitorum
414 3339 442 3392 et
462 3339 579 3404 palmo
597 3340 625 3391 11
640 3349 766 3392 merosus
781 3342 824 3393 est
838 3335 1044 3394 latitudinem
1071 3332 1214 3405 aedificii

143 3434 276 3489 calamo
304 3446 383 3503 uno,
399 3432 608 3490 altitudinem
632 3447 755 3504 quoque
779 3430 907 3491 catomo
930 3448 1008 3491 ono.
1038 3431 1214 3492 Undevero

143 3528 529 3599 suaminterpretationem
537 3529 743 3600 desumpserit
750 3529 947 3599 Abaelardus,
960 3543 1021 3586 non
1032 3527 1167 3585 invenio.
1177 3555 1214 3568 -

147 3622 176 3690 5,
191 3622 219 3675 2.
234 3623 333 3678 Aliter
347 3624 554 3694 Hieronymus
570 3626 618 3693 (ln
635 3625 743 3694 Ezeoh,
759 3626 781 3682 l.
792 3619 862 3696 xu)
876 3641 883 3680 :
899 3647 912 3677 o
924 3628 963 3684 ut
976 3625 1113 3682 calamus
1126 3635 1212 3678 men-

146 3717 287 3773 suraein
302 3731 396 3775 manu
411 3718 479 3788 ejus
495 3719 637 3789 designat
653 3720 781 3790 gratiam
798 3721 1011 3792 prophetalem
1027 3737 1041 3772 a
1057 3736 1066 3788 ;
1080 3731 1209 3774 eonsen-

140 3812 259 3869 titcum
274 3814 463 3886 Hieronymo
490 3816 680 3874 Abaelardus
706 3831 737 3872 v.
755 3819 783 3888 6,
806 3820 819 3876 1
838 3833 899 3890 sq:
927 3819 1087 3875 «Locutus
1108 3811 1212 3871 estad

139 3912 334 3972 Ezechielem
374 3930 471 3973 verus
500 3917 686 3975 architectus
712 3933 803 3990 quem
831 3920 1010 3978 imitabatur
1041 3921 1072 3976 et
1094 3917 1210 3974 Paulus

138 4007 297 4077 apostolus
311 4009 416 4068 dicens
434 4027 441 4066 :
461 4011 565 4075 011111
585 4011 713 4081 sopiens
735 4015 927 4072 architectus
954 4016 1210 4085 futtdomentum

136 4103 306 4176 posuisd
324 4109 392 4164 Cor.
409 4109 549 4178 3,1ο).1.
566 4125 594 4166 c.
664 4181 666 4184 .

176 4204 255 4260 XLI.
272 4207 294 4261 B
310 4204 687 4265 111891-111111111
705 4227 711 4264 :
727 4211 756 4279 2,
770 4211 798 4278 2,
813 4212 957 4270 Virum...
973 4211 1094 4283 peperit
1106 4225 1114 4277 3
1128 4209 1204 4265 haee
