<?xml version="1.0" encoding="UTF-8"?>
<!DOCTYPE html PUBLIC "-//W3C//DTD XHTML 1.0 Transitional//EN"
    "http://www.w3.org/TR/xhtml1/DTD/xhtml1-transitional.dtd">
<html xmlns="http://www.w3.org/1999/xhtml" xml:lang="en" lang="en">
 <head>
  <title>
</title>
<meta http-equiv="Content-Type" content="text/html;charset=utf-8" />
  <meta name='ocr-system' content='tesseract 3.04.00' />
  <meta name='ocr-capabilities' content='ocr_page ocr_carea ocr_par ocr_line ocrx_word'/>
</head>
<body>
  <div class='ocr_page' id='page_1' title='image "./petriabaelardip00abelgoog_0035.png"; bbox 0 0 2992 5048; ppageno 0'>
   <div class='ocr_carea' id='block_1_1' title="bbox 662 447 803 506">
    <p class='ocr_par' dir='ltr' id='par_1_1' title="bbox 662 447 803 506">
     <span class='ocr_line' id='line_1_1' title="bbox 662 447 803 506; baseline 0.028 -19"><span class='ocrx_word' id='word_1_1' title='bbox 662 447 803 506; x_wconf 74' lang='lat'>...20-</span> 
     </span>
    </p>
   </div>
   <div class='ocr_carea' id='block_1_2' title="bbox 192 567 1265 2609">
    <p class='ocr_par' dir='ltr' id='par_1_2' title="bbox 194 567 1265 1462">
     <span class='ocr_line' id='line_1_2' title="bbox 201 567 1265 659; baseline 0.004 -23"><span class='ocrx_word' id='word_1_2' title='bbox 201 567 501 659; x_wconf 78' lang='lat' dir='ltr'>1nogligentiocem.</span> <span class='ocrx_word' id='word_1_3' title='bbox 526 567 615 636; x_wconf 88' lang='lat' dir='ltr'>Dum</span> <span class='ocrx_word' id='word_1_4' title='bbox 639 569 733 638; x_wconf 91' lang='lat' dir='ltr'>enim</span> <span class='ocrx_word' id='word_1_5' title='bbox 752 569 842 659; x_wconf 87' lang='lat' dir='ltr'>apud</span> <span class='ocrx_word' id='word_1_6' title='bbox 868 568 1110 640; x_wconf 83' lang='lat' dir='ltr'>Hildebertum</span> <span class='ocrx_word' id='word_1_7' title='bbox 1128 571 1265 640; x_wconf 82' lang='lat' dir='ltr'>Caeno-</span> 
     </span>
     <span class='ocr_line' id='line_1_3' title="bbox 199 682 1264 774; baseline 0.004 -23"><span class='ocrx_word' id='word_1_8' title='bbox 199 703 437 769; x_wconf 88' lang='lat' dir='ltr'>maunenscm,</span> <span class='ocrx_word' id='word_1_9' title='bbox 455 683 599 752; x_wconf 81' lang='lat' dir='ltr'>Petrum</span> <span class='ocrx_word' id='word_1_10' title='bbox 613 682 871 770; x_wconf 82' lang='lat' dir='ltr'>venerabilem,</span> <span class='ocrx_word' id='word_1_11' title='bbox 891 683 977 753; x_wconf 89' lang='lat' dir='ltr'>alios</span> <span class='ocrx_word' id='word_1_12' title='bbox 995 683 1144 754; x_wconf 83' lang='lat' dir='ltr'>duacum</span> <span class='ocrx_word' id='word_1_13' title='bbox 1159 685 1264 774; x_wconf 88' lang='lat' dir='ltr'>sylla·</span> 
     </span>
     <span class='ocr_line' id='line_1_4' title="bbox 197 798 1262 882; baseline -0.001 -14"><span class='ocrx_word' id='word_1_14' title='bbox 197 800 327 868; x_wconf 81' lang='lat' dir='ltr'>barum</span> <span class='ocrx_word' id='word_1_15' title='bbox 364 798 609 867; x_wconf 73' lang='lat' dir='ltr'>consonantias</span> <span class='ocrx_word' id='word_1_16' title='bbox 626 800 664 867; x_wconf 92' lang='lat' dir='ltr'>in</span> <span class='ocrx_word' id='word_1_17' title='bbox 682 819 747 868; x_wconf 90' lang='lat' dir='ltr'>usu</span> <span class='ocrx_word' id='word_1_18' title='bbox 777 819 853 869; x_wconf 88' lang='lat' dir='ltr'>esse</span> <span class='ocrx_word' id='word_1_19' title='bbox 871 800 1042 882; x_wconf 70' lang='lat' dir='ltr'>videmus</span> <span class='ocrx_word' id='word_1_20' title='bbox 1074 799 1262 871; x_wconf 81' lang='lat' dir='ltr'>Abaelardi</span> 
     </span>
     <span class='ocr_line' id='line_1_5' title="bbox 196 912 1263 1003; baseline 0 -21"><span class='ocrx_word' id='word_1_21' title='bbox 196 933 323 982; x_wconf 79' lang='lat' dir='ltr'>versus</span> <span class='ocrx_word' id='word_1_22' title='bbox 342 912 493 983; x_wconf 92' lang='lat' dir='ltr'>nonnisi</span> <span class='ocrx_word' id='word_1_23' title='bbox 513 913 548 981; x_wconf 95' lang='lat' dir='ltr'>in</span> <span class='ocrx_word' id='word_1_24' title='bbox 568 913 728 1002; x_wconf 85' lang='lat' dir='ltr'>singulas</span> <span class='ocrx_word' id='word_1_25' title='bbox 751 913 902 1003; x_wconf 73' lang='lat' dir='ltr'>syllabas</span> <span class='ocrx_word' id='word_1_26' title='bbox 925 912 1144 984; x_wconf 86' lang='lat' dir='ltr'>consonando</span> <span class='ocrx_word' id='word_1_27' title='bbox 1167 913 1263 983; x_wconf 89' lang='lat' dir='ltr'>desi-</span> 
     </span>
     <span class='ocr_line' id='line_1_6' title="bbox 196 1026 1264 1119; baseline 0.002 -23"><span class='ocrx_word' id='word_1_28' title='bbox 196 1035 297 1096; x_wconf 85' lang='lat' dir='ltr'>nunt.</span> <span class='ocrx_word' id='word_1_29' title='bbox 321 1028 388 1098; x_wconf 87' lang='lat' dir='ltr'>Ubi</span> <span class='ocrx_word' id='word_1_30' title='bbox 406 1027 500 1097; x_wconf 91' lang='lat' dir='ltr'>enim</span> <span class='ocrx_word' id='word_1_31' title='bbox 518 1027 671 1096; x_wconf 80' lang='lat' dir='ltr'>duarum</span> <span class='ocrx_word' id='word_1_32' title='bbox 699 1026 877 1098; x_wconf 87' lang='lat' dir='ltr'>hincinde</span> <span class='ocrx_word' id='word_1_33' title='bbox 896 1028 1108 1119; x_wconf 77' lang='lat' dir='ltr'>syllabarum</span> <span class='ocrx_word' id='word_1_34' title='bbox 1130 1037 1264 1114; x_wconf 68' lang='grc' dir='ltr'><strong>ὁμοιστέ-</strong></span> 
     </span>
     <span class='ocr_line' id='line_1_7' title="bbox 194 1141 1262 1232; baseline 0 -21"><span class='ocrx_word' id='word_1_35' title='bbox 194 1142 534 1228; x_wconf 59' lang='lat' dir='ltr'>leuzoointennnisceb</span> <span class='ocrx_word' id='word_1_36' title='bbox 547 1142 583 1210; x_wconf 92' lang='lat' dir='ltr'>id</span> <span class='ocrx_word' id='word_1_37' title='bbox 593 1162 676 1213; x_wconf 90' lang='lat' dir='ltr'>casu</span> <span class='ocrx_word' id='word_1_38' title='bbox 688 1163 757 1212; x_wconf 90' lang='lat' dir='ltr'>non</span> <span class='ocrx_word' id='word_1_39' title='bbox 768 1141 882 1212; x_wconf 90' lang='lat' dir='ltr'>studio</span> <span class='ocrx_word' id='word_1_40' title='bbox 893 1143 1004 1232; x_wconf 85' lang='lat' dir='ltr'>egisse</span> <span class='ocrx_word' id='word_1_41' title='bbox 1014 1143 1262 1232; x_wconf 87' lang='lat' dir='ltr'>putandusest.</span> 
     </span>
     <span class='ocr_line' id='line_1_8' title="bbox 194 1255 1263 1348; baseline 0 -24"><span class='ocrx_word' id='word_1_42' title='bbox 194 1257 284 1327; x_wconf 90' lang='lat' dir='ltr'>Nam</span> <span class='ocrx_word' id='word_1_43' title='bbox 305 1279 349 1326; x_wconf 90' lang='lat' dir='ltr'>ne</span> <span class='ocrx_word' id='word_1_44' title='bbox 369 1277 479 1326; x_wconf 89' lang='lat' dir='ltr'>unum</span> <span class='ocrx_word' id='word_1_45' title='bbox 498 1255 639 1346; x_wconf 86' lang='lat' dir='ltr'>quidem</span> <span class='ocrx_word' id='word_1_46' title='bbox 659 1256 838 1347; x_wconf 91' lang='lat' dir='ltr'>hymnum,</span> <span class='ocrx_word' id='word_1_47' title='bbox 856 1277 921 1325; x_wconf 89' lang='lat' dir='ltr'>nae</span> <span class='ocrx_word' id='word_1_48' title='bbox 941 1278 985 1326; x_wconf 92' lang='lat' dir='ltr'>ne</span> <span class='ocrx_word' id='word_1_49' title='bbox 1003 1277 1109 1325; x_wconf 90' lang='lat' dir='ltr'>unam</span> <span class='ocrx_word' id='word_1_50' title='bbox 1122 1256 1263 1348; x_wconf 87' lang='lat' dir='ltr'>quidem</span> 
     </span>
     <span class='ocr_line' id='line_1_9' title="bbox 195 1371 1259 1462; baseline -0.001 -22"><span class='ocrx_word' id='word_1_51' title='bbox 195 1373 374 1462; x_wconf 73' lang='lat' dir='ltr'>stropham</span> <span class='ocrx_word' id='word_1_52' title='bbox 396 1371 651 1460; x_wconf 81' lang='lat' dir='ltr'>adsignavecis,</span> <span class='ocrx_word' id='word_1_53' title='bbox 674 1371 710 1439; x_wconf 94' lang='lat' dir='ltr'>in</span> <span class='ocrx_word' id='word_1_54' title='bbox 730 1391 798 1462; x_wconf 91' lang='lat' dir='ltr'>qua</span> <span class='ocrx_word' id='word_1_55' title='bbox 823 1371 858 1439; x_wconf 91' lang='lat' dir='ltr'>id</span> <span class='ocrx_word' id='word_1_56' title='bbox 875 1371 1010 1462; x_wconf 85' lang='lat' dir='ltr'>agendo</span> <span class='ocrx_word' id='word_1_57' title='bbox 1029 1371 1097 1441; x_wconf 90' lang='lat' dir='ltr'>sibi</span> <span class='ocrx_word' id='word_1_58' title='bbox 1113 1379 1259 1442; x_wconf 84' lang='lat' dir='ltr'>constet.</span> 
     </span>
    </p>

    <p class='ocr_par' dir='ltr' id='par_1_3' title="bbox 192 1485 1262 2609">
     <span class='ocr_line' id='line_1_10' title="bbox 238 1485 1261 1576; baseline -0.001 -21"><span class='ocrx_word' id='word_1_59' title='bbox 238 1487 352 1575; x_wconf 83' lang='lat' dir='ltr'>Atque</span> <span class='ocrx_word' id='word_1_60' title='bbox 369 1492 406 1555; x_wconf 89' lang='lat' dir='ltr'>ut</span> <span class='ocrx_word' id='word_1_61' title='bbox 425 1485 460 1553; x_wconf 93' lang='lat' dir='ltr'>in</span> <span class='ocrx_word' id='word_1_62' title='bbox 476 1485 678 1554; x_wconf 79' lang='lat' dir='ltr'>ultimarum</span> <span class='ocrx_word' id='word_1_63' title='bbox 708 1485 944 1555; x_wconf 82' lang='lat' dir='ltr'>consonantiis</span> <span class='ocrx_word' id='word_1_64' title='bbox 971 1485 1183 1576; x_wconf 84' lang='lat' dir='ltr'>syllabarum</span> <span class='ocrx_word' id='word_1_65' title='bbox 1191 1505 1261 1554; x_wconf 72' lang='lat' dir='ltr'>,cu-</span> 
     </span>
     <span class='ocr_line' id='line_1_11' title="bbox 197 1589 1262 1691; baseline -0.003 -21"><span class='ocrx_word' id='word_1_66' title='bbox 197 1601 316 1672; x_wconf 78' lang='lat' dir='ltr'>randis</span> <span class='ocrx_word' id='word_1_67' title='bbox 336 1604 384 1670; x_wconf 88' lang='lat' dir='ltr'>ita</span> <span class='ocrx_word' id='word_1_68' title='bbox 403 1610 439 1670; x_wconf 92' lang='lat' dir='ltr'>et</span> <span class='ocrx_word' id='word_1_69' title='bbox 458 1602 494 1668; x_wconf 94' lang='lat' dir='ltr'>in</span> <span class='ocrx_word' id='word_1_70' title='bbox 510 1600 664 1691; x_wconf 79' lang='lat' dir='ltr'>rhythmi</span> <span class='ocrx_word' id='word_1_71' title='bbox 684 1621 758 1686; x_wconf 87' lang='lat' dir='ltr'>seu,</span> <span class='ocrx_word' id='word_1_72' title='bbox 777 1601 870 1691; x_wconf 90' lang='lat' dir='ltr'>quod</span> <span class='ocrx_word' id='word_1_73' title='bbox 888 1600 981 1669; x_wconf 89' lang='lat' dir='ltr'>idem</span> <span class='ocrx_word' id='word_1_74' title='bbox 996 1610 1060 1686; x_wconf 86' lang='lat' dir='ltr'>est,</span> <span class='ocrx_word' id='word_1_75' title='bbox 1074 1603 1119 1669; x_wconf 88' lang='lat' dir='ltr'>in</span> <span class='ocrx_word' id='word_1_76' title='bbox 1138 1589 1262 1671; x_wconf 87' lang='lat' dir='ltr'>accen·</span> 
     </span>
     <span class='ocr_line' id='line_1_12' title="bbox 196 1714 1260 1805; baseline -0.002 -20"><span class='ocrx_word' id='word_1_77' title='bbox 196 1723 296 1785; x_wconf 90' lang='lat' dir='ltr'>tuum</span> <span class='ocrx_word' id='word_1_78' title='bbox 309 1717 388 1805; x_wconf 87' lang='lat' dir='ltr'>lege</span> <span class='ocrx_word' id='word_1_79' title='bbox 403 1714 575 1784; x_wconf 79' lang='lat' dir='ltr'>servanda</span> <span class='ocrx_word' id='word_1_80' title='bbox 591 1715 772 1805; x_wconf 79' lang='lat' dir='ltr'>negligens</span> <span class='ocrx_word' id='word_1_81' title='bbox 789 1717 878 1784; x_wconf 81' lang='lat' dir='ltr'>sorte</span> <span class='ocrx_word' id='word_1_82' title='bbox 893 1715 1008 1785; x_wconf 76' lang='lat' dir='ltr'>obiter</span> <span class='ocrx_word' id='word_1_83' title='bbox 1022 1736 1096 1784; x_wconf 84' lang='lat' dir='ltr'>nem</span> <span class='ocrx_word' id='word_1_84' title='bbox 1110 1716 1260 1785; x_wconf 87' lang='lat' dir='ltr'>intuenti</span> 
     </span>
     <span class='ocr_line' id='line_1_13' title="bbox 196 1828 1258 1920; baseline 0.001 -21"><span class='ocrx_word' id='word_1_85' title='bbox 196 1831 387 1900; x_wconf 78' lang='lat' dir='ltr'>videbitur.</span> <span class='ocrx_word' id='word_1_86' title='bbox 409 1828 573 1900; x_wconf 81' lang='lat' dir='ltr'>Nescisse</span> <span class='ocrx_word' id='word_1_87' title='bbox 605 1850 684 1898; x_wconf 87' lang='lat' dir='ltr'>cum</span> <span class='ocrx_word' id='word_1_88' title='bbox 703 1838 763 1899; x_wconf 92' lang='lat' dir='ltr'>aut</span> <span class='ocrx_word' id='word_1_89' title='bbox 794 1830 985 1920; x_wconf 83' lang='lat' dir='ltr'>neglexisse</span> <span class='ocrx_word' id='word_1_90' title='bbox 1010 1831 1191 1920; x_wconf 85' lang='lat' dir='ltr'>prosodiae</span> <span class='ocrx_word' id='word_1_91' title='bbox 1204 1851 1258 1900; x_wconf 88' lang='lat' dir='ltr'>ac·</span> 
     </span>
     <span class='ocr_line' id='line_1_14' title="bbox 198 1946 1258 2036; baseline 0.002 -22"><span class='ocrx_word' id='word_1_92' title='bbox 198 1954 431 2036; x_wconf 76' lang='lat' dir='ltr'>cantuumque</span> <span class='ocrx_word' id='word_1_93' title='bbox 451 1946 603 2015; x_wconf 85' lang='lat' dir='ltr'>rationes</span> <span class='ocrx_word' id='word_1_94' title='bbox 621 1946 765 2015; x_wconf 82' lang='lat' dir='ltr'>diceres.</span> <span class='ocrx_word' id='word_1_95' title='bbox 788 1947 907 2036; x_wconf 81' lang='lat' dir='ltr'>Reque</span> <span class='ocrx_word' id='word_1_96' title='bbox 926 1967 1009 2016; x_wconf 81' lang='lat' dir='ltr'>vena</span> <span class='ocrx_word' id='word_1_97' title='bbox 1029 1946 1169 2017; x_wconf 82' lang='lat' dir='ltr'>difficile</span> <span class='ocrx_word' id='word_1_98' title='bbox 1189 1967 1258 2016; x_wconf 93' lang='lat' dir='ltr'>non</span> 
     </span>
     <span class='ocr_line' id='line_1_15' title="bbox 196 2061 1259 2153; baseline 0.003 -23"><span class='ocrx_word' id='word_1_99' title='bbox 196 2068 262 2147; x_wconf 86' lang='lat' dir='ltr'>est,</span> <span class='ocrx_word' id='word_1_100' title='bbox 292 2063 328 2130; x_wconf 93' lang='lat' dir='ltr'>in</span> <span class='ocrx_word' id='word_1_101' title='bbox 354 2062 461 2147; x_wconf 88' lang='lat' dir='ltr'>omni,</span> <span class='ocrx_word' id='word_1_102' title='bbox 487 2081 589 2151; x_wconf 88' lang='lat' dir='ltr'>quem</span> <span class='ocrx_word' id='word_1_103' title='bbox 621 2061 785 2136; x_wconf 81' lang='lat' dir='ltr'>voluens,</span> <span class='ocrx_word' id='word_1_104' title='bbox 807 2063 944 2151; x_wconf 87' lang='lat' dir='ltr'>hymno,</span> <span class='ocrx_word' id='word_1_105' title='bbox 966 2082 1055 2152; x_wconf 91' lang='lat' dir='ltr'>quae</span> <span class='ocrx_word' id='word_1_106' title='bbox 1086 2063 1163 2133; x_wconf 88' lang='lat' dir='ltr'>vitii</span> <span class='ocrx_word' id='word_1_107' title='bbox 1181 2083 1259 2153; x_wconf 89' lang='lat' dir='ltr'>spe-</span> 
     </span>
     <span class='ocr_line' id='line_1_16' title="bbox 194 2175 1256 2267; baseline 0.002 -22"><span class='ocrx_word' id='word_1_108' title='bbox 194 2178 284 2246; x_wconf 89' lang='lat' dir='ltr'>ciem</span> <span class='ocrx_word' id='word_1_109' title='bbox 303 2197 387 2267; x_wconf 77' lang='lat' dir='ltr'>puae</span> <span class='ocrx_word' id='word_1_110' title='bbox 404 2196 441 2245; x_wconf 87' lang='lat' dir='ltr'>se</span> <span class='ocrx_word' id='word_1_111' title='bbox 459 2177 584 2258; x_wconf 85' lang='lat' dir='ltr'>lerant,</span> <span class='ocrx_word' id='word_1_112' title='bbox 602 2175 799 2265; x_wconf 82' lang='lat' dir='ltr'>adsignare.</span> <span class='ocrx_word' id='word_1_113' title='bbox 817 2177 979 2266; x_wconf 83' lang='lat' dir='ltr'>Exemplo</span> <span class='ocrx_word' id='word_1_114' title='bbox 995 2177 1043 2245; x_wconf 87' lang='lat' dir='ltr'>sit</span> <span class='ocrx_word' id='word_1_115' title='bbox 1069 2179 1256 2264; x_wconf 88' lang='lat' dir='ltr'>secundus,</span> 
     </span>
     <span class='ocr_line' id='line_1_17' title="bbox 194 2290 1259 2382; baseline 0.001 -22"><span class='ocrx_word' id='word_1_116' title='bbox 194 2294 255 2381; x_wconf 89' lang='lat' dir='ltr'>qui</span> <span class='ocrx_word' id='word_1_117' title='bbox 288 2293 332 2361; x_wconf 91' lang='lat' dir='ltr'>de</span> <span class='ocrx_word' id='word_1_118' title='bbox 363 2291 646 2361; x_wconf 82' lang='lat' dir='ltr'>Praesentatione</span> <span class='ocrx_word' id='word_1_119' title='bbox 665 2290 806 2360; x_wconf 90' lang='lat' dir='ltr'>Domini·</span> <span class='ocrx_word' id='word_1_120' title='bbox 826 2300 891 2375; x_wconf 87' lang='lat' dir='ltr'>est,</span> <span class='ocrx_word' id='word_1_121' title='bbox 923 2293 1084 2382; x_wconf 78' lang='lat' dir='ltr'>hymnus.</span> <span class='ocrx_word' id='word_1_122' title='bbox 1105 2291 1259 2362; x_wconf 82' lang='lat' dir='ltr'>Ambro-</span> 
     </span>
     <span class='ocr_line' id='line_1_18' title="bbox 194 2404 1255 2495; baseline 0 -21"><span class='ocrx_word' id='word_1_123' title='bbox 194 2407 284 2475; x_wconf 89' lang='lat' dir='ltr'>siani</span> <span class='ocrx_word' id='word_1_124' title='bbox 303 2406 406 2475; x_wconf 82' lang='lat' dir='ltr'>metri</span> <span class='ocrx_word' id='word_1_125' title='bbox 430 2411 536 2474; x_wconf 86' lang='lat' dir='ltr'>estet</span> <span class='ocrx_word' id='word_1_126' title='bbox 560 2404 704 2494; x_wconf 85' lang='lat' dir='ltr'>proinde</span> <span class='ocrx_word' id='word_1_127' title='bbox 722 2405 766 2472; x_wconf 88' lang='lat' dir='ltr'>ad</span> <span class='ocrx_word' id='word_1_128' title='bbox 785 2425 957 2491; x_wconf 76' lang='lat' dir='ltr'>normam,</span> <span class='ocrx_word' id='word_1_129' title='bbox 980 2404 1071 2495; x_wconf 91' lang='lat' dir='ltr'>quod</span> <span class='ocrx_word' id='word_1_130' title='bbox 1096 2405 1255 2493; x_wconf 83' lang='lat' dir='ltr'>subjicio,</span> 
     </span>
     <span class='ocr_line' id='line_1_19' title="bbox 192 2520 707 2609; baseline -0.008 -19"><span class='ocrx_word' id='word_1_131' title='bbox 192 2520 391 2590; x_wconf 87' lang='lat' dir='ltr'>schematis</span> <span class='ocrx_word' id='word_1_132' title='bbox 410 2521 707 2609; x_wconf 82' lang='lat' dir='ltr'>pronuntiandus:</span> 
     </span>
    </p>
   </div>
   <div class='ocr_carea' id='block_1_3' title="bbox 573 2701 875 2736">
    <p class='ocr_par' dir='ltr' id='par_1_4' title="bbox 573 2701 875 2736">
     <span class='ocr_line' id='line_1_20' title="bbox 573 2701 875 2736; baseline 0.003 -1"><span class='ocrx_word' id='word_1_133' title='bbox 573 2701 875 2736; x_wconf 74' lang='lat' dir='ltr'><em>...L-L-L-l.</em></span> 
     </span>
    </p>
   </div>
   <div class='ocr_carea' id='block_1_4' title="bbox 191 2904 1256 3109">
    <p class='ocr_par' dir='ltr' id='par_1_5' title="bbox 191 2904 1256 3109">
     <span class='ocr_line' id='line_1_21' title="bbox 239 2904 1256 2996; baseline 0.003 -21"><span class='ocrx_word' id='word_1_134' title='bbox 239 2907 286 2975; x_wconf 80' lang='lat' dir='ltr'>nt</span> <span class='ocrx_word' id='word_1_135' title='bbox 305 2906 415 2996; x_wconf 90' lang='lat' dir='ltr'>ipsius</span> <span class='ocrx_word' id='word_1_136' title='bbox 434 2906 566 2996; x_wconf 84' lang='lat' dir='ltr'>primae</span> <span class='ocrx_word' id='word_1_137' title='bbox 585 2904 747 2996; x_wconf 85' lang='lat' dir='ltr'>strophae</span> <span class='ocrx_word' id='word_1_138' title='bbox 766 2905 889 2974; x_wconf 78' lang='lat' dir='ltr'>tertius</span> <span class='ocrx_word' id='word_1_139' title='bbox 911 2926 1069 2975; x_wconf 81' lang='lat' dir='ltr'>versusa</span> <span class='ocrx_word' id='word_1_140' title='bbox 1087 2906 1163 2996; x_wconf 87' lang='lat' dir='ltr'>lege</span> <span class='ocrx_word' id='word_1_141' title='bbox 1181 2908 1256 2978; x_wconf 89' lang='lat' dir='ltr'>dis-</span> 
     </span>
     <span class='ocr_line' id='line_1_22' title="bbox 191 3020 354 3109; baseline 0.012 -21"><span class='ocrx_word' id='word_1_142' title='bbox 191 3028 311 3109; x_wconf 81' lang='lat' dir='ltr'>crepat</span> <span class='ocrx_word' id='word_1_143' title='bbox 335 3020 354 3090; x_wconf 63' lang='grc' dir='ltr'>ξ’</span> 
     </span>
    </p>
   </div>
   <div class='ocr_carea' id='block_1_5' title="bbox 441 3214 932 3378">
    <p class='ocr_par' dir='ltr' id='par_1_6' title="bbox 441 3214 932 3378">
     <span class='ocr_line' id='line_1_23' title="bbox 442 3214 923 3283; baseline -0.002 -11"><span class='ocrx_word' id='word_1_144' title='bbox 442 3217 590 3272; x_wconf 85' lang='lat' dir='ltr'>Parentes</span> <span class='ocrx_word' id='word_1_145' title='bbox 605 3214 759 3272; x_wconf 82' lang='lat' dir='ltr'>Christum</span> <span class='ocrx_word' id='word_1_146' title='bbox 772 3214 923 3283; x_wconf 84' lang='lat' dir='ltr'>deserunt,</span> 
     </span>
     <span class='ocr_line' id='line_1_24' title="bbox 441 3306 932 3378; baseline 0 -16"><span class='ocrx_word' id='word_1_147' title='bbox 441 3307 607 3378; x_wconf 87' lang='lat' dir='ltr'>intemplo</span> <span class='ocrx_word' id='word_1_148' title='bbox 621 3307 770 3378; x_wconf 87' lang='lat' dir='ltr'>templum</span> <span class='ocrx_word' id='word_1_149' title='bbox 787 3306 932 3376; x_wconf 82' lang='lat' dir='ltr'>offerunt,</span> 
     </span>
    </p>
   </div>
   <div class='ocr_carea' id='block_1_6' title="bbox 440 3403 791 3567">
    <p class='ocr_par' dir='ltr' id='par_1_7' title="bbox 440 3403 791 3567">
     <span class='ocr_line' id='line_1_25' title="bbox 442 3403 769 3476; baseline -0.012 -14"><span class='ocrx_word' id='word_1_150' title='bbox 442 3405 516 3475; x_wconf 75' lang='lat' dir='ltr'>Legi</span> <span class='ocrx_word' id='word_1_151' title='bbox 535 3418 646 3476; x_wconf 80' lang='lat' dir='ltr'>parere</span> <span class='ocrx_word' id='word_1_152' title='bbox 658 3403 769 3473; x_wconf 86' lang='lat' dir='ltr'>voluit,</span> 
     </span>
     <span class='ocr_line' id='line_1_26' title="bbox 440 3496 791 3567; baseline -0.014 -14"><span class='ocrx_word' id='word_1_153' title='bbox 440 3498 498 3565; x_wconf 89' lang='lat' dir='ltr'>Qui</span> <span class='ocrx_word' id='word_1_154' title='bbox 511 3496 575 3567; x_wconf 81' lang='lat' dir='ltr'>legi</span> <span class='ocrx_word' id='word_1_155' title='bbox 586 3497 663 3554; x_wconf 88' lang='lat' dir='ltr'>nihil</span> <span class='ocrx_word' id='word_1_156' title='bbox 677 3497 791 3554; x_wconf 84' lang='lat' dir='ltr'>debuit.</span> 
     </span>
    </p>
   </div>
   <div class='ocr_carea' id='block_1_7' title="bbox 190 3701 1256 4003">
    <p class='ocr_par' dir='ltr' id='par_1_8' title="bbox 190 3701 1256 4003">
     <span class='ocr_line' id='line_1_27' title="bbox 236 3701 1254 3790; baseline 0.007 -22"><span class='ocrx_word' id='word_1_157' title='bbox 236 3701 275 3768; x_wconf 95' lang='lat' dir='ltr'>ln</span> <span class='ocrx_word' id='word_1_158' title='bbox 295 3701 405 3771; x_wconf 83' lang='lat' dir='ltr'>altera</span> <span class='ocrx_word' id='word_1_159' title='bbox 437 3721 516 3770; x_wconf 84' lang='lat' dir='ltr'>vero</span> <span class='ocrx_word' id='word_1_160' title='bbox 546 3701 689 3789; x_wconf 86' lang='lat' dir='ltr'>stropha</span> <span class='ocrx_word' id='word_1_161' title='bbox 714 3721 757 3769; x_wconf 89' lang='lat' dir='ltr'>nc</span> <span class='ocrx_word' id='word_1_162' title='bbox 778 3721 867 3771; x_wconf 91' lang='lat' dir='ltr'>unus</span> <span class='ocrx_word' id='word_1_163' title='bbox 885 3703 1026 3790; x_wconf 88' lang='lat' dir='ltr'>quidem</span> <span class='ocrx_word' id='word_1_164' title='bbox 1044 3723 1169 3774; x_wconf 76' lang='lat' dir='ltr'>versus</span> <span class='ocrx_word' id='word_1_165' title='bbox 1189 3712 1254 3790; x_wconf 88' lang='lat' dir='ltr'>est,</span> 
     </span>
     <span class='ocr_line' id='line_1_28' title="bbox 192 3801 1256 3911; baseline 0.004 -28"><span class='ocrx_word' id='word_1_166' title='bbox 192 3815 252 3905; x_wconf 91' lang='lat' dir='ltr'>qui</span> <span class='ocrx_word' id='word_1_167' title='bbox 285 3825 346 3886; x_wconf 89' lang='lat' dir='ltr'>aut</span> <span class='ocrx_word' id='word_1_168' title='bbox 380 3801 535 3906; x_wconf 64' lang='lat' dir='ltr'>&#39;rhythmi</span> <span class='ocrx_word' id='word_1_169' title='bbox 563 3834 704 3884; x_wconf 85' lang='lat' dir='ltr'>normas</span> <span class='ocrx_word' id='word_1_170' title='bbox 735 3824 794 3885; x_wconf 90' lang='lat' dir='ltr'>aut</span> <span class='ocrx_word' id='word_1_171' title='bbox 826 3826 1033 3888; x_wconf 83' lang='lat' dir='ltr'>accentuum</span> <span class='ocrx_word' id='word_1_172' title='bbox 1063 3819 1159 3911; x_wconf 85' lang='lat' dir='ltr'>leges</span> <span class='ocrx_word' id='word_1_173' title='bbox 1187 3840 1256 3889; x_wconf 92' lang='lat' dir='ltr'>non</span> 
     </span>
     <span class='ocr_line' id='line_1_29' title="bbox 190 3929 645 4003; baseline 0.004 -5"><span class='ocrx_word' id='word_1_174' title='bbox 190 3929 309 4002; x_wconf 74' lang='lat' dir='ltr'>uiolet.</span> <span class='ocrx_word' id='word_1_175' title='bbox 331 3932 380 4003; x_wconf 88' lang='lat' dir='ltr'>lta</span> <span class='ocrx_word' id='word_1_176' title='bbox 401 3931 495 4001; x_wconf 86' lang='lat' dir='ltr'>onim</span> <span class='ocrx_word' id='word_1_177' title='bbox 513 3930 645 4000; x_wconf 85' lang='lat' dir='ltr'>habet:</span> 
     </span>
    </p>
   </div>
   <div class='ocr_carea' id='block_1_8' title="bbox 401 4149 811 4318">
    <p class='ocr_par' dir='ltr' id='par_1_9' title="bbox 401 4149 811 4318">
     <span class='ocr_line' id='line_1_30' title="bbox 401 4149 801 4225; baseline 0.008 -18"><span class='ocrx_word' id='word_1_178' title='bbox 401 4149 495 4219; x_wconf 81' lang='lat' dir='ltr'>Offer,</span> <span class='ocrx_word' id='word_1_179' title='bbox 510 4149 610 4220; x_wconf 88' lang='lat' dir='ltr'>beata,</span> <span class='ocrx_word' id='word_1_180' title='bbox 624 4154 801 4225; x_wconf 85' lang='lat' dir='ltr'>parvulum,</span> 
     </span>
     <span class='ocr_line' id='line_1_31' title="bbox 404 4247 811 4318; baseline 0.005 -15"><span class='ocrx_word' id='word_1_181' title='bbox 404 4248 502 4304; x_wconf 88' lang='lat' dir='ltr'>Tuum</span> <span class='ocrx_word' id='word_1_182' title='bbox 517 4260 550 4303; x_wconf 91' lang='lat' dir='ltr'>es</span> <span class='ocrx_word' id='word_1_183' title='bbox 564 4247 660 4318; x_wconf 85' lang='lat' dir='ltr'>patris</span> <span class='ocrx_word' id='word_1_184' title='bbox 674 4247 811 4318; x_wconf 85' lang='lat' dir='ltr'>unicum,</span> 
     </span>
    </p>
   </div>
   <div class='ocr_carea' id='block_1_9' title="bbox 0 0 1500 5048">
    <p class='ocr_par' dir='ltr' id='par_1_10' title="bbox 0 0 1500 5048">
     <span class='ocr_line' id='line_1_32' title="bbox 0 0 1500 5048; baseline 0 4"><span class='ocrx_word' id='word_1_185' title='bbox 0 0 1500 5048; x_wconf 95' lang='lat' dir='ltr'> </span> 
     </span>
    </p>
   </div>
  </div>
 </body>
</html>
