2992 5048
670 409 833 476 ..155-

253 537 360 595 ltLlll.
376 535 397 592 c
416 534 470 591 iol.
484 535 521 590 78
539 534 569 591 b.
589 565 626 574 -
638 533 795 591 Lectiones
808 533 957 590 variantes
973 550 980 589 ι
1004 532 1031 602 1,
1047 532 1074 604 l,
1105 535 1234 592 mortem
1250 534 1283 592 in

217 633 338 704 iuuere,
350 634 383 691 C.
393 633 468 700 -2,
481 632 507 699 1,
516 631 636 701 tradidi,
649 633 681 690 C.
695 631 912 689 -ddnotanda
922 647 929 687 :
941 632 966 701 1,
977 632 1091 688 1.Haec
1099 645 1135 687 ex
1146 634 1283 703 Respon-

216 729 298 786 sorio
314 731 410 787 altero
432 729 558 786 secundi
571 729 720 785 Nocturni
736 731 856 786 coenae
870 728 989 785 Domini
1012 728 1173 800 desumpta
1198 732 1286 799 sunt,

218 827 301 897 quod
329 840 470 896 magnam
497 827 711 898 antiquitatem
738 826 858 883 redolet
882 826 1087 898 versibusque
1112 827 1279 884 conflatum

219 925 268 979 est
283 939 290 978 ε
913 932 916 942 ·

455 1067 720 1120 iudas-erentes·
742 1069 906 1131 pessimun

456 1157 559 1211 osculo
571 1158 653 1224 petiit
665 1158 835 1217 Dominum,

454 1240 506 1292 lile
519 1245 551 1292 ut
563 1255 655 1307 agnus
666 1243 806 1294 innocens
824 1231 825 1235 ’

448 1328 512 1379 Non
523 1328 639 1393 negauit
651 1329 666 1379 l
669 1327 741 1380 udae
755 1327 896 1381 osculum.

452 1415 640 1468 Denariorum
654 1428 775 1468 numero

453 1504 600 1557 Christum
606 1506 624 1555 l
627 1504 727 1556 udaeis
739 1504 867 1557 tradidit.

255 1699 332 1754 Cum
346 1711 407 1768 quo
420 1698 556 1754 carmine
570 1698 804 1755 celeberrimum
822 1698 900 1755 illud
914 1698 1092 1755 Germanica
1103 1699 1208 1754 nostra
1219 1697 1279 1753 lin-

222 1807 281 1862 gua
295 1792 504 1864 conscriptum
522 1792 700 1849 conferatur
715 1809 722 1848 :

415 1942 488 1993 Odu
505 1955 598 1995 armer
609 1945 623 1994 J
627 1942 707 2003 udas,
715 1955 775 1993 was
792 1942 857 1993 hest
873 1941 910 1992 du
923 1941 1038 2006 gethan.

410 2031 468 2082 Das
483 2031 521 2082 du
534 2044 641 2083 vnsern
657 2031 759 2082 herren
776 2030 837 2082 also
848 2034 977 2082 verrutcn
992 2030 1066 2081 best.

416 2119 523 2170 Durum
536 2123 634 2171 mustu
648 2117 743 2170 leiden
757 2113 896 2171 helliscbe
908 2118 984 2181 pein,

412 2207 541 2259 Lucifers
553 2207 661 2273 geselle
674 2211 772 2259 mustu
789 2207 863 2271 cwig
877 2205 949 2258 sein.

250 2396 279 2463 2,
293 2396 312 2450 2
325 2408 391 2466 sqq.
409 2394 569 2450 Praeclare
596 2392 785 2450 Abaelardus
801 2392 833 2448 in
855 2404 998 2450 sermone
1014 2392 1068 2460 xl,
1085 2388 1139 2462 qui
1152 2389 1191 2446 de
1210 2405 1282 2462 pas-

222 2492 307 2549 sione
322 2491 440 2547 Domini
449 2493 505 2558 est,
522 2490 564 2546 ita
577 2489 696 2559 ludam,
712 2489 800 2560 quasi
812 2502 961 2560 praesens
975 2487 1084 2558 adstet,
1101 2488 1280 2558 compellat:

220 2585 519 2656 «impudentissime
527 2585 677 2657 proditor,
693 2586 830 2642 omnium
858 2586 1010 2642 scelerum
1038 2583 1281 2641 abominationes

219 2682 281 2740 iuis
291 2680 464 2751 justificans
479 2680 657 2739 sceleribus.
673 2681 899 2752 Dispensatoris
912 2694 1018 2737 curam
1032 2681 1114 2737 inter
1128 2683 1248 2738 ceteros
1264 2696 1282 2737 a

218 2778 346 2834 Domino
362 2783 552 2848 susceperas,
568 2778 688 2834 loculos
703 2777 864 2835 babenset
879 2791 926 2847 ea,
952 2792 1031 2849 quae
1044 2780 1179 2849 poteras,
1195 2777 1278 2834 turto

222 2874 407 2947 subripiens,
422 2875 611 2946 marsupium
625 2878 713 2932 tuum
729 2889 791 2931 non
803 2874 990 2932 dominicum
1017 2876 1127 2955 volens
1152 2889 1277 2946 augere,

218 2973 320 3044 ipsum
333 2972 567 3051 praesumpsisti
582 2972 744 3028 Dominum
759 2971 896 3028 vendere
912 2973 989 3028 etin
1006 2972 1106 3044 pretio
1130 2973 1282 3042 pecuniae

217 3065 320 3136 ipsum
345 3064 452 3122 mundi
478 3066 611 3135 pretium
638 3079 765 3144 ponere,
791 3066 836 3123 Ad
862 3067 1021 3123 cumulum
1053 3065 1187 3122 malitiae
1209 3068 1281 3122 tuae

217 3162 301 3233 ipsos
331 3164 495 3233 conceptae
523 3162 705 3232 proditionis
730 3162 843 3231 gradus
860 3163 991 3231 intuere,
1007 3166 1042 3219 ut
1069 3163 1187 3218 nullam
1207 3162 1280 3220 abo·

217 3259 414 3316 minationem
442 3259 649 3330 impudentiae
679 3259 788 3315 deesse
814 3273 980 3328 cognoscas
1008 3259 1174 3330 proditioni
1189 3262 1274 3316 tuae.

217 3354 288 3425 Ipsa
299 3357 398 3424 nocte,
415 3369 475 3427 qua
488 3354 640 3412 tractabas
654 3366 725 3409 eum
740 3354 871 3424 tradere,
888 3355 925 3413 ad
938 3369 1064 3412 coenam
1077 3368 1279 3426 praesumens

216 3451 360 3508 accedere
378 3452 411 3508 in
426 3451 494 3522 ejus
516 3451 684 3523 paropside
708 3463 833 3508 manum
862 3454 1043 3509 sceleratam
1071 3455 1102 3507 et
1121 3455 1280 3522 tamquam

215 3546 313 3617 ipsius
328 3548 476 3617 sanguine
489 3550 680 3604 cruentatam
695 3547 834 3603 inserere
849 3562 911 3604 non
924 3548 1065 3617 timuisti,
1081 3549 1116 3604 ut
1130 3547 1187 3603 hoc
1199 3547 1279 3603 facto

216 3643 304 3714 quasi
317 3645 397 3700 teste
409 3648 481 3700 tuae
510 3643 716 3700 conscientiae
730 3642 829 3699 bonae
845 3658 967 3700 omnem
982 3644 1191 3716 suspicionem
1207 3658 1225 3700 a
1248 3648 1280 3700 te

217 3755 386 3798 removeas.
400 3743 533 3799 Consors
547 3743 579 3797 in
592 3741 827 3813 participatione
846 3744 908 3798 tam
939 3742 1056 3800 veteris
1084 3755 1177 3814 quam
1203 3741 1278 3798 novi

220 3837 352 3906 paschae
367 3851 402 3893 ac
422 3837 568 3908 deinceps
592 3838 625 3893 in
653 3838 721 3907 ipsa
745 3837 909 3896 traditione
941 3852 1011 3895 eum
1033 3842 1071 3895 ut
1098 3839 1281 3908 magistrum

220 3933 357 3990 salutans
371 3937 450 3990 etut
463 3935 556 4005 lupus
580 3948 694 4003 agnum
708 3936 861 4005 osculans,
880 3935 925 3993 iili
953 3936 1146 4008 perditionis,
1163 3949 1181 3992 a
1196 3948 1282 3991 man·

219 4032 305 4087 sueto
329 4033 418 4103 patre
439 4031 528 4088 audis
550 4030 694 4101 :Amica
715 4033 760 4088 cd
774 4032 851 4103 quid
872 4032 1013 4090 venuti?
1039 4033 1142 4090 Amice
1157 4031 1282 4104 quidem

220 4140 281 4183 non
296 4140 401 4184 amans
416 4129 470 4186 sed
484 4131 593 4198 amate,
615 4142 679 4185 non
703 4129 834 4199 diligens
856 4132 911 4190 sed
938 4132 1060 4200 dilecte,
1081 4134 1230 4202 quantum
1245 4132 1284 4189 ad

217 4224 430 4283 exhibitionem
444 4225 660 4283 familiaritatis
675 4229 706 4283 et
712 4229 878 4296 amicitiae.
888 4231 939 4286 Ad
953 4229 1042 4300 quid,
1058 4229 1169 4300 inquit,
1181 4229 1283 4285 veum-
