2992 5048
743 466 779 477 -
798 436 852 492 105
870 466 906 477 ..

795 586 859 654 XL

708 725 740 776 ln
757 723 773 774 3
789 725 963 776 Noctuine.

431 869 463 937 t.
518 867 581 947 Qui
603 877 839 958 paupertatem
858 867 1033 952 admonet,

517 985 613 1052 Hanc
633 983 667 1051 in
688 1005 726 1053 se
744 985 842 1073 prius
862 984 1004 1052 exhibet

517 1099 609 1167 Deus
627 1097 725 1168 dives
745 1101 781 1166 in
802 1100 986 1184 omnibus„

517 1211 561 1281 Ut
579 1233 642 1280 nos
666 1213 765 1298 ditet,
787 1213 1044 1301 pauperrimus.

454 1431 461 1447 .
516 1379 631 1450 Factis
652 1380 805 1467 primum
824 1379 994 1466 exhibuit,

518 1496 614 1573 Quod
634 1495 754 1564 verbis
774 1495 916 1565 tandem
935 1495 1065 1569 docuit,

519 1613 550 1679 Α
567 1610 668 1678 cunis
684 1630 764 1678 mox
785 1611 955 1699 incipiens

519 1723 562 1792 Et
581 1743 618 1791 re
638 1743 758 1792 vocem
778 1723 1022 1813 praeveniens.

459 1933 467 1949 .
523 1882 586 1951 Hic
604 1889 658 1951 est
676 1883 732 1951 ille
751 1884 926 1952 funiculus

521 1998 560 2065 ln
580 2017 685 2066 manu
703 1998 770 2065 viri
789 1998 915 2077 linem,

519 2112 663 2183 Subtitis
681 2113 901 2202 evangelicae

519 2227 641 2295 Sermo
659 2227 745 2317 tegis
768 2229 803 2294 in
824 2246 940 2315 opere.

450 2446 461 2465 .,
514 2398 576 2466 Hic
592 2405 645 2468 est
664 2419 852 2467 mensurae
872 2399 1043 2482 calanum,

516 2513 626 2590 Quem
645 2519 758 2602 gestat
777 2534 881 2583 manu
900 2512 1081 2602 parvuluS,

515 2629 560 2696 Ut
579 2648 684 2716 supra
703 2635 857 2696 montem
877 2629 1028 2718 positum

518 2742 694 2811 Mensuret
712 2743 921 2812 aedificium.

429 2907 462 2972 ⁹.
516 2908 698 2976 Mensurae
712 2909 842 2998 quippe
860 2909 1016 2977 calamus

519 3020 622 3089 Liber
640 3031 691 3091 est
709 3023 944 3112 evangelicus,

521 3137 629 3213 Quem
650 3159 753 3206 manu
772 3139 884 3207 fertur
901 3157 1036 3226 gerere,

521 3251 586 3328 Qui
605 3232 772 3341 scriptum
790 3253 938 3341 complet
956 3264 1071 3340 opere.

458 3463 466 3481 .
521 3415 595 3484 Hoc
617 3437 721 3507 super
741 3417 855 3508 ipsum
873 3417 983 3505 posite

522 3529 742 3598 Mensuratuc
766 3530 923 3615 ecclesia,

524 3644 611 3712 Dum
632 3646 666 3713 in
686 3645 750 3715 hoc
768 3646 913 3734 quisque
932 3643 1087 3733 percipit,

521 3758 694 3859 Quaptum
710 3757 836 3827 crescit
854 3764 888 3826 et
902 3755 1029 3825 deficit.

454 3971 462 3987 .
518 3920 588 3990 Deo
607 3922 698 4011 patri
719 3943 797 3992 cum
821 3923 902 4006 silio,

519 4038 608 4106 Cum
627 4038 752 4128 spiritu
772 4037 949 4126 paraclito,

519 4151 564 4220 Ut
582 4160 718 4219 estune
737 4152 946 4235 substantia,

518 4264 576 4334 Sic
594 4273 629 4334 et
647 4286 716 4334 una
735 4266 780 4335 sit
800 4265 924 4356 gloria.
