2992 5048
656 425 799 484 „74-

194 545 352 619 perlicere,
368 546 406 604 ad
418 547 557 619 requiem
570 550 726 608 tendimus
744 551 828 607 vitae
840 549 994 619 coelestis,
1007 549 1040 605 in
1054 564 1115 621 qua
1129 555 1256 608 aeterna

195 645 262 716 ejus
277 645 514 704 sanctificatione
528 650 559 703 et
571 647 784 705 benedictione
797 647 994 720 perfruamur
1009 648 1131 717 ›.Beda,
1142 648 1163 704 1.
1180 663 1206 705 0.
1216 679 1250 690 -

195 742 278 799 idem
291 741 351 799 alio
365 742 398 798 in
410 743 495 800 loco:
512 761 525 798 e
538 744 626 811 Quod
636 746 739 801 autem
753 744 842 802 dicit:
857 742 1112 815 RequievitDeus
1125 743 1177 801 die
1189 759 1256 815 sep-

195 837 272 896 timo
288 841 327 896 ob
355 839 501 897 omnibus
519 840 669 911 operibus
698 840 776 912 suis,
808 841 882 912 quib
910 842 994 899 aliud
1014 842 1166 912 significat
1195 843 1258 900 nisi

195 935 334 1007 requiem
347 940 492 1006 sanctam,
508 951 600 1009 quam
616 937 704 994 nohis
714 937 842 994 daturus
859 937 958 994 esich
970 937 1115 1009 operibus
1130 937 1258 1005 nostris,

197 1030 224 1085 si
241 1031 321 1088 bona
332 1030 494 1088 fecerimus
508 1052 535 1086 0.
551 1033 686 1103 Exposit.
702 1033 736 1089 in
751 1034 826 1089 Gen.
848 1035 871 1091 1.
887 1035 910 1102 1,
926 1047 951 1088 0.
967 1035 994 1088 2.
1012 1063 1048 1073 —
1062 1035 1090 1103 5,
1108 1035 1134 1088 1.
1147 1032 1260 1092 «Unde

195 1128 273 1185 hene
289 1128 371 1186 idem
392 1129 456 1186 dies
475 1120 631 1201 septimus
651 1145 813 1202 vesperam
833 1130 980 1187 habuisse
1006 1145 1070 1187 non
1100 1130 1258 1199 scribitur,

196 1226 267 1297 quia
280 1227 424 1284 nimirum
443 1232 625 1300 perpetuam
639 1232 776 1286 nostram
789 1228 823 1285 in
837 1216 891 1286 illo
907 1229 1046 1300 requiem
1060 1227 1214 1298 significat
1228 1247 1257 1282 s.

196 1323 285 1393 Beda,
303 1326 474 1383 1101101111
502 1326 536 1381 1.-

231 1421 267 1475 X.
279 1422 311 1488 Β,
327 1420 379 1478 fol.
392 1421 427 1478 83
440 1422 478 1490 h;
495 1425 515 1479 C
534 1423 592 1480 101.
606 1422 679 1479 leh.
695 1453 731 1462 -
741 1420 897 1481 Lectiones
905 1422 1056 1478 variantes
1068 1437 1075 1477 ε
1088 1421 1115 1490 1,
1129 1422 1156 1477 1.
1170 1422 1259 1477 lnve·

195 1516 241 1572 nit
254 1518 378 1588 veritas,
394 1520 435 1587 G;
449 1520 558 1577 falsam
571 1521 693 1577 literam
708 1520 845 1593 adpinxit
858 1520 1039 1578 rubricator.
1053 1521 1082 1589 2,
1101 1519 1129 1573 2.
1145 1517 1261 1590 Moysis

138 1682 140 1687 ,
195 1615 359 1683 legendum
372 1621 478 1674 eontra
489 1618 580 1676 fldem
595 1618 744 1692 codicum,
761 1618 814 1688 qui
827 1618 942 1675 habent
954 1615 1064 1688 Mopsi.
1076 1617 1150 1685 -3,
1164 1618 1190 1673 1.
1201 1618 1262 1673 Ve-

194 1712 296 1769 lamen
311 1719 432 1786 exeunt,
448 1717 481 1786 G,
496 1716 650 1785 mendose,
664 1716 737 1772 licet
755 1729 850 1778 sensu
865 1714 955 1771 lectio
980 1728 1042 1771 nou
1056 1716 1169 1771 careat.
1181 1741 1215 1754 -
1230 1713 1259 1784 3,

99 1861 101 1866 ,
194 1809 226 1866 4.
244 1813 318 1868 Tota
330 1806 381 1868 vel
393 1813 520 1883 apicem,
539 1815 567 1880 Β,
584 1814 665 1885 quod
677 1813 771 1870 edidit
786 1813 880 1869 Pitra.

229 1908 429 1966 innocente:
453 1913 586 1968 Metrum
610 1911 793 1981 hymnorum
815 1911 970 1975 x-xxlx‚
998 1924 1035 1965 es
1057 1907 1260 1979 Asclepiaden

196 2002 379 2075 derivatum,
404 2006 441 2063 ad
455 2020 592 2063 normam
606 2007 770 2063 schematis
794 2005 1012 2077 subsequentis
1032 2003 1069 2062 ab
1089 2003 1261 2062 Abaelardo

196 2099 348 2169 redigitur
368 2117 375 2156 :

443 2252 1018 2345 ---ι-11---ι-ια

442 2369 1017 2458 ---ι-ιΙ---ι-ια

442 2482 1010 2575 ---r-q‚--r-ub

439 2595 1023 2687 ---‡-L}---‡-Lst

232 2798 345 2868 Hymni
353 2800 494 2856 nocturni
510 2800 641 2856 Genesin
656 2800 693 2857 ad
706 2801 879 2862 literamut
891 2799 1053 2869 Augustini
1061 2798 1164 2855 verbis
1174 2802 1258 2871 utar,

196 2894 370 2964 explanant,
383 2893 660 2967 diurni'mysticam
674 2911 729 2953 seu
754 2897 951 2965 allegoricam
974 2894 1256 2966 interpretationem

197 2989 350 3060 exhibent,
367 3005 446 3062 quae
458 2991 555 3064 priori
568 3005 629 3048 non
642 3007 730 3048 secus
747 3007 781 3048 ae
797 2992 862 3049 dies
884 2992 966 3048 nocti
988 2991 1164 3061 opponitur.
1185 2993 1258 3049 Um-

195 3086 345 3144 braeuim
366 3090 396 3144 et
421 3088 512 3144 litera
535 3089 660 3157 veteris,
678 3090 731 3145 lux
751 3093 843 3160 atque
864 3088 1038 3145 intellectus
1059 3088 1258 3158 novaelegis

196 3183 269 3239 suut
279 3183 414 3255 propria.
426 3186 504 3240 Nam
515 3185 626 3254 omnia,
647 3199 724 3256 quae
736 3186 768 3242 in
782 3185 881 3242 veteri
896 3186 1079 3241 testamento
1099 3183 1180 3240 facta
1204 3185 1260 3241 vel

196 3281 263 3334 acta
277 3293 346 3336 esse
358 3280 501 3350 legimus,
514 3284 637 3352 practer
652 3296 697 3350 ea,
713 3296 792 3352 quae
806 3282 923 3352 reipsa
938 3279 1161 3351 significabant,
1186 3281 1259 3337 suh-

194 3372 281 3428 tilius
291 3354 434 3443 quiddam
445 3377 475 3430 et
489 3374 526 3430 ah
541 3373 629 3431 obvio
641 3376 799 3433 intellectu
809 3375 959 3431 remotius
969 3375 1100 3431 innuere
1109 3373 1260 3444 putaban-

194 3468 247 3522 tur
260 3468 429 3525 secundum
450 3469 529 3526 illud
548 3471 635 3526 Pauli
656 3470 693 3528 ad
718 3471 915 3528 corinthios:
949 3468 1067 3527 omnio
1081 3468 1114 3525 in
1148 3469 1260 3540 flpuro

194 3560 495 3632 controqueamus
509 3565 535 3635 (1
551 3566 618 3622 Cor.
634 3565 677 3632 10,
691 3565 747 3634 11),
757 3564 811 3621 uhi
825 3567 929 3621 tamen
942 3565 1100 3636 apostolus
1115 3577 1177 3620 non
1185 3563 1262 3621 dixit

195 3657 309 3716 omnia
323 3661 379 3718 sed
391 3661 470 3718 hoec
484 3666 592 3720 autom
608 3662 729 3720 omnio.
741 3665 841 3734 Atque
862 3663 923 3721 huc
945 3662 1025 3720 illud
1053 3660 1260 3719 Pseudo-hm·

192 3755 289 3814 brosii
304 3760 409 3828 (serm.
423 3759 582 3818 Ambrosio
594 3761 711 3832 tributi,
724 3763 824 3819 serm.
849 3763 890 3819 Vl
917 3760 955 3818 de
977 3760 1080 3818 Nativ.
1101 3761 1187 3816 Dom.
1206 3760 1257 3830 lv,

193 3869 224 3910 n.
242 3856 268 3911 4.
295 3858 353 3915 Ed.
384 3859 507 3916 Medici.
533 3861 584 3922 Vl,
605 3875 639 3932 p.
666 3861 729 3929 421)
752 3859 995 3931 referrejuvat:
1012 3859 1116 3915 Primo
1133 3857 1257 3930 quidem

193 3955 264 4009 ante
276 3954 389 4025 lucem,
404 3955 461 4014 hoc
474 3960 522 4014 est
534 3961 695 4030 autequam
710 3958 903 4016 illuminaret
913 3956 1057 4027 justitiae
1088 3956 1147 4023 sol,
1170 3955 1258 4011 velut

190 4053 375 4111 matutinum
385 4059 537 4128 quoddam
548 4059 767 4131 prophetarum
781 4057 867 4113 misit
882 4056 1041 4113 oraculum
1057 4053 1138 4112 sicut
1150 4052 1254 4123 serip-

190 4151 256 4204 tum
271 4154 319 4208 est
334 4168 342 4207 :
359 4155 517 4215 Mitteham
530 4157 694 4230 prophetas
711 4170 796 4213 meos
817 4159 888 4212 ante
909 4156 1021 4212 lucem.
1045 4156 1156 4211 Postea
1174 4164 1250 4207 vero

190 4244 338 4316 ipserum
353 4254 418 4310 suis
432 4254 537 4327 radiis,
552 4257 610 4313 hoc
624 4258 671 4313 est
683 4269 753 4312 cum
767 4255 975 4326 apostolorum
989 4265 1117 4310 suorum
1128 4249 1249 4323 fulgore
