2992 5048
656 413 819 469 -tts-

201 550 256 595 suo
269 537 358 606 caput
371 511 592 590 abscinditur‘n.
608 535 716 592 Enarr.
733 534 766 591 in
780 536 830 591 Ps.
848 533 909 604 113,
917 546 950 589 n.
966 534 980 590 1
999 546 1045 605 sq.
1065 533 1149 591 Idem
1159 533 1225 591 fere
1236 535 1270 592 in

200 633 328 693 Pstis.
354 632 448 687 serm.
476 631 523 699 21,
551 643 585 685 n.
610 631 654 688 11.
681 624 885 688 Ambrosius:
902 629 986 686 Sicut
1014 630 1110 687 David
1139 630 1272 689 abstulit

201 731 306 790 Goliae
314 728 449 799 gladium
458 731 490 784 et
505 725 603 799 ipsiu's
632 728 733 797 gladio
760 732 851 800 caput
867 727 934 798 ejus
956 728 1099 798 excussit,
1116 728 1161 784 sic
1174 743 1271 799 verus

202 828 309 897 David,
320 825 446 883 humilis
459 828 551 896 atque
573 828 754 883 mansuetus
784 825 929 882 Dominus
943 827 1045 896 iesus,
1060 826 1269 899 intelligibilis

203 924 307 983 Goliae
316 924 407 993 caput
420 921 514 977 armis
528 921 627 992 ipsius
638 921 817 992 amputavit.
831 924 924 978 Arma
938 921 1021 977 enim
1034 918 1148 978 diaboli
1160 926 1270 991 gentes

203 1023 311 1078 erant:
328 1019 387 1076 fide
414 1020 518 1075 autem
538 1018 675 1087 gentium
692 1019 885 1086 vulneratus,
898 1020 999 1090 caput,
1023 1017 1104 1090 quod
1129 1019 1271 1088 hahebat,

205 1117 315 1176 amisit.
331 1118 471 1173 Detracta
485 1119 558 1172 sunt
572 1116 670 1186 spolia
685 1119 851 1186 prostrato,
867 1129 942 1171 vasa
966 1115 1033 1185 ejus
1048 1115 1177 1188 direpta,
1202 1118 1275 1189 quia

205 1215 347 1284 alligatus
363 1215 411 1269 est
422 1212 521 1269 fortis.
537 1215 599 1269 Vas
620 1210 821 1269 diabolicam
838 1216 902 1269 crat
926 1212 1059 1269 hominis
1081 1215 1272 1284 peccatoris3

208 1311 261 1368 sed
274 1313 477 1383 posteaquam
495 1309 527 1365 in
547 1308 701 1366 Christum
728 1308 893 1377 credimus,
908 1323 978 1365 caro
993 1313 1099 1366 nostra
1111 1311 1205 1381 coepit
1217 1326 1275 1370 vas

208 1420 276 1463 esse
300 1405 469 1462 electionis.
485 1405 561 1474 —t,
586 1407 605 1462 5
625 1420 669 1476 sq.
698 1405 782 1462 Sicut
801 1408 935 1476 Moyses,
960 1407 1111 1477 populum
1121 1420 1213 1464 suum
1236 1406 1276 1465 de

207 1504 354 1562 servitute
378 1503 525 1572 liberans,
557 1503 680 1573 Christi,
710 1503 753 1560 ita
787 1503 904 1560 Pharao
941 1503 1054 1560 diaboli
1087 1508 1135 1561 est
1169 1508 1274 1576 typus.

207 1622 221 1653 «ι
233 1604 419 1659 Persecutor
430 1601 599 1672 Aegyptius
614 1601 740 1666 Pharao,
750 1601 949 1674 persequitur
962 1602 1112 1673 populum
1127 1601 1275 1659 Christia-

207 1713 280 1756 num
294 1696 434 1754 diabolus
450 1712 474 1749 r.
494 1698 623 1764 August.
647 1709 740 1751 serm.
766 1697 793 1765 l,
808 1697 836 1753 9.
864 1698 963 1762 Quare
978 1700 1009 1753 et
1033 1697 1066 1752 in
1080 1697 1195 1767 hymno
1225 1700 1274 1754 Act

211 1808 336 1854 conam
348 1793 428 1863 apat
435 1791 570 1863 procidi
587 1793 738 1862 legimus:

517 1912 587 1964 Post
600 1914 752 1964 transitum
766 1914 854 1965 maris
868 1913 947 1966 rubri

524 2001 639 2053 Christo
654 2015 791 2053 canamus
801 2003 932 2068 principi,

523 2174 617 2241 Erepti
629 2177 664 2229 dc
676 2176 831 2230 durissimo

523 2263 682 2316 Pharaonis
694 2263 826 2329 imperio.
850 2324 853 2328 ¹

248 2409 277 2476 2,
293 2407 318 2462 l.
333 2405 451 2462 Alludit
464 2405 503 2462 ad
523 2406 621 2474 lReg.
639 2405 683 2475 18,
700 2407 718 2459 7
736 2405 941 2473 abaelardum
956 2406 1064 2478 dequo
1078 2409 1145 2465 loco
1156 2410 1285 2467 Ambro-

217 2505 304 2562 sius:
322 2520 335 2556 ι
352 2504 387 2559 11
402 2502 493 2572 cujus
520 2502 589 2573 [sel.
613 2502 736 2573 Christi}
759 2506 832 2573 typo
861 2503 957 2560 David
984 2505 1084 2561 minor
1105 2506 1222 2564 clectus
1244 2521 1281 2563 ex

214 2599 376 2666 iratribus,
388 2599 868 2668 1111111111111,1011111111
884 2601 1131 2672 gravispericulo
1145 2603 1281 2675 singula-

216 2695 245 2752 ri
267 2694 437 2752 certamine
462 2696 645 2751 universum
670 2695 819 2766 populum
840 2695 992 2765 liberavit,
1016 2697 1216 2768 triumphavit
1242 2699 1281 2756 (11

217 2795 325 2852 decem
338 2791 474 2863 milibuS,
490 2793 533 2848 ita
545 2796 582 2848 ut
594 2793 717 2863 puellae
745 2806 814 2850 cum
832 2794 984 2864 tympanis
1006 2795 1195 2866 psallerent:
1209 2797 1282 2853 Saul

216 2889 419 2959 triumphavit
433 2889 465 2945 in
479 2889 614 2960 milibus,
630 2889 726 2946 David
740 2890 773 2945 in
787 2890 892 2947 decem
906 2890 1040 2948 milibus.
1055 2892 1133 2960 Quae
1142 2893 1282 2964 thnrain

217 2985 277 3042 illis
290 2985 459 3056 juvenculis
464 2985 521 3041 nisi
530 2985 700 3053 animarum,
708 2998 782 3054 qnae
792 2984 1019 3055 thriumphalcm
1025 2988 1169 3055 psalmum
1183 2987 1281 3045 conci-

215 3087 293 3140 nunt
308 3081 426 3139 christo
441 3083 453 3138 1
466 3099 479 3135 n
493 3083 618 3153 Apolcg.
629 3081 798 3152 prophetae
808 3082 903 3139 David
915 3096 941 3137 c.
957 3082 984 3152 3,
999 3097 1029 3138 1.
1041 3085 1128 3139 12.-
1139 3084 1192 3152 3,1
1212 3098 1281 3156 sqq.

215 3179 316 3236 Etiam
329 3173 457 3236 Samson
469 3178 626 3248 figuraest
648 3177 769 3234 Christi.
791 3194 804 3231 ‹
822 3178 908 3235 Unde
923 3181 1059 3250 Samson,
1079 3179 1281 3249 1111111111-

217 3288 277 3330 nus
294 3273 411 3344 lltnarr.
427 3274 460 3329 in
476 3275 525 3330 Ps.
539 3276 583 3342 80,
598 3288 627 3331 n.
645 3273 701 3344 11),
718 3273 771 3345 qui
787 3274 878 3331 etiam
891 3275 1110 3346 interpretatur
1127 3276 1282 3346 11111111-

217 3385 305 3439 rum,
335 3385 443 3428 corum
469 3371 596 3442 scilicet,
624 3371 734 3443 quibus
762 3372 854 3441 lucet,
881 3386 942 3429 non
970 3373 1106 3430 omnium
1131 3374 1284 3433 11111111

215 3468 319 3526 oriens
335 3469 537 3542 superbonos
550 3470 698 3539 etmalos,
725 3469 780 3526 sed
799 3471 846 3526 sol
865 3470 1070 3543 quorundam,
1085 3473 1132 3529 sol
1142 3471 1285 3542 justitiae

215 3563 356 3636 (lipuram
371 3565 450 3622 enlm
463 3565 592 3623 hahebat
605 3565 726 3632 christi)
741 3566 908 3636 colligavit,
934 3569 969 3623 ut
997 3567 1099 3624 dicere
1127 3581 1289 3640 coeperam

212 3663 327 3720 caudas
341 3663 485 3734 vulpium
501 3679 524 3718 s.
550 3662 629 3719 Hine
642 3666 785 3733 prosator
810 3662 1019 3732 sangallensis
1039 3661 1132 3735 (apud
1147 3665 1287 3721 Monium

211 3757 489 3830 1,198)christum
516 3759 700 3831 compellit:
732 3758 863 3817 «theras
888 3760 1105 3831 praesignatus
1131 3760 1291 3818 infernum

210 3855 378 3928 tracturus,
391 3872 462 3914 cum
473 3860 610 3927 Samson,
624 3856 674 3912 vir
687 3856 833 3927 invictus,
851 3857 973 3914 leonem
988 3857 1151 3914 suffocavit
1168 3860 1199 3914 et
1213 3871 1286 3929 por·

210 3959 259 4014 tas
271 3956 402 4014 hostiles
417 3955 550 4028 disrupit
564 3972 592 4011 ».
622 3954 776 4012 samsonis
800 3969 836 4011 ae
863 3954 968 4012 Goliae
992 3958 1100 4027 typum
1125 3954 1290 4026 conjungit

211 4052 370 4110 hotkerus
391 4068 399 4107 ε
417 4070 431 4105 ‹
449 4053 535 4110 lianc
561 4051 704 4109 adamans
732 4050 896 4122 conjugem
922 4050 1110 4123 [ecclesiam]
1134 4051 1288 4109 clauderis

214 4149 322 4218 Gazae,
339 4148 394 4207 sed
407 4151 514 4220 portas
533 4148 715 4206 effracturus
730 4147 826 4215 illius,
842 4148 921 4205 hanc
942 4148 1035 4205 ctiam
1048 4148 1189 4206 hostibus
1207 4147 1289 4206 erui·

214 4246 318 4314 turus„
338 4258 526 4315 congressus
547 4257 618 4302 oum
630 4246 761 4314 tyranno
774 4243 904 4315 Goliath,
919 4257 1012 4316 quem
1028 4244 1135 4316 lapillo
1152 4246 1290 4316 proster-
