2992 5048
624 761 894 844 PRAEFATIO

264 1265 486 1349 Superioribus
501 1265 626 1328 duobus
642 1264 758 1328 libellis
771 1263 970 1346 quotidianos
985 1263 1132 1328 feriarum
1149 1265 1283 1348 hymnos

220 1377 251 1437 et
265 1372 501 1438 solemnitatum
518 1372 698 1436 divinarum
712 1371 856 1454 proprios
868 1370 1068 1455 digessimus.
1092 1373 1184 1436 Nunc
1208 1390 1282 1436 vero

221 1486 364 1560 superest
378 1480 417 1542 ad
443 1479 588 1544 coelestis
603 1478 737 1560 gloriam
761 1479 845 1559 regis
868 1484 899 1541 et
921 1495 1117 1542 communem
1142 1477 1282 1543 fidelium

222 1583 473 1648 exhortationem
489 1583 592 1666 ipsam
616 1599 743 1664 quoque
763 1581 891 1663 superni
905 1581 1024 1645 curiam
1038 1579 1147 1663 palatii
1171 1580 1283 1645 debitis

222 1689 425 1772 hymnorum,
442 1697 536 1772 prout
550 1707 729 1772 possumus,
745 1687 855 1752 efferre
869 1687 1054 1769 praeconiis.
1072 1688 1108 1750 ln
1131 1706 1194 1769 quo
1214 1687 1281 1768 qui·

222 1795 294 1858 dem
309 1814 401 1877 opere
416 1796 477 1878 ipsi
490 1815 541 1860 me
559 1793 882 1876 praecipueadjuvent
901 1794 1030 1873 meritis,
1055 1812 1187 1876 quorum
1210 1792 1282 1875 glo-

222 1901 325 1966 riosae
354 1903 522 1967 memoriae
545 1901 803 1983 qualiunounque
826 1898 956 1962 laudum
981 1899 1168 1963 munuscula
1189 1899 1282 1981 cupio

222 2007 398 2089 persolvere
416 2009 510 2089 juxta
529 2008 616 2090 quod
637 2007 855 2088 scriptumest
879 2028 896 2066 r
917 2003 1075 2068 Memorio
1100 2007 1180 2082 insti
1206 2025 1282 2069 cum

220 2114 317 2177 tonde
333 2096 403 2197 fell)
414 2121 444 2179 et
460 2115 573 2179 iterum
589 2137 605 2175 c
619 2115 806 2207 Laudemus
824 2113 910 2176 viros
918 2113 1099 2194 gloriosos»
1116 2112 1171 2194 (2).

259 2221 325 2286 Vos
333 2241 459 2305 quoque
471 2224 609 2300 obsecro,
623 2239 745 2285 sorores
757 2220 937 2285 carissimae
951 2219 1136 2300 Christoque
1144 2218 1277 2296 dicatae,

219 2346 356 2408 quarum
369 2327 507 2391 maxime
523 2325 667 2408 precibus
682 2325 740 2390 hoc
756 2342 991 2406 opusagressus
1005 2343 1087 2400 sum,
1102 2330 1278 2389 vestrarum

218 2431 381 2514 adJungite
392 2433 591 2496 devotionem
602 2431 793 2503 orationum,
820 2428 907 2492 illius
928 2445 1080 2492 memores
1102 2427 1276 2492 beatissimi

223 2535 425 2618 legislatoris,
445 2537 500 2619 qui
515 2536 587 2619 plus
601 2537 719 2600 orando
733 2553 830 2616 quam
850 2532 986 2616 populus
1003 2535 1045 2616 (3)
1060 2535 1161 2615 potuit
1183 2533 1280 2597 dimi-

219 2642 321 2707 cando
337 2641 392 2723 (lr).
410 2644 452 2707 Et
468 2648 504 2706 ut
527 2642 688 2706 caritatem
713 2647 851 2704 vestram
865 2641 899 2702 in
913 2640 1087 2702 orationum
1109 2638 1198 2719 copia
1218 2638 1282 2702 lar·

221 2767 297 2830 gam
317 2749 486 2826 inveniam,
510 2753 639 2831 pensate
664 2748 843 2828 dihgenter,
861 2764 958 2826 quam
988 2746 1153 2828 prodigam
1175 2749 1281 2839 vestra

220 2853 329 2936 petitio
339 2861 483 2919 nostram
497 2855 611 2918 habeat
628 2853 818 2918 facultatem.
834 2852 1007 2915 Dumenim
1019 2852 1144 2915 divinae
1157 2851 1280 2933 gratiae

220 2954 331 3020 laudes
347 2975 404 3037 pro
418 2956 519 3019 nostri
542 2955 692 3036 ingenioli
712 2955 830 3037 [modo]
848 2955 890 3035 (5)
905 2955 1047 3036 prosequi
1071 2955 1276 3033 studeremus,

221 3061 305 3141 quod
320 3062 359 3125 de
373 3067 486 3125 ornatu
501 3062 587 3126 deest
600 3062 808 3144 eloquentiae,
827 3061 1131 3141 recompensavimus
1142 3060 1277 3143 hymno-

217 3184 290 3227 rum
308 3165 521 3245 multitudine,
536 3167 824 3249 singulisvidelieet
836 3165 1033 3248 singularum
1045 3165 1277 3230 solemnitatum

217 3270 381 3334 nocturnis
396 3271 540 3352 proprios
558 3278 778 3353 componentes
798 3272 944 3354 hymnos,
964 3288 1036 3334 oum
1059 3269 1275 3334 unussolum-

220 3374 313 3438 modo
326 3375 490 3457 hucusque
506 3375 646 3459 hymnus
660 3377 692 3440 in
714 3376 801 3441 festis
824 3393 948 3458 quoque
969 3374 1051 3438 siout
1071 3375 1103 3438 in
1127 3374 1212 3438 feriis
1237 3376 1277 3439 ad

217 3483 387 3543 nocturnos
400 3481 647 3561 praecineretur..

257 3586 399 3662 Quatuor
423 3587 529 3668 itaque
544 3587 680 3669 hymnos
704 3589 841 3670 singulis
856 3587 1076 3652 festivitatibus
1097 3607 1134 3652 ea
1158 3589 1279 3653 ratione

215 3688 422 3770 decrevimus,
442 3699 477 3755 ut
499 3693 532 3756 in
558 3712 750 3777 unoquoque
768 3695 869 3759 trium
887 3700 1108 3757 nocturnorum
1133 3693 1279 3775 proprius

215 3795 396 3861 decantetur
409 3798 550 3880 hymnus
567 3805 597 3863 et
611 3800 758 3866 laudibus
783 3800 913 3882 insuper
932 3799 1095 3863 matutinis
1109 3818 1171 3863 non
1197 3798 1281 3861 desit

216 3921 304 3970 suus.
322 3905 371 3968 Ex
387 3905 505 3993 quibus
519 3925 630 3970 rursus
652 3913 788 3989 quatuor
801 3907 1006 3981 instituimus,
1024 3911 1057 3970 ut
1070 3906 1132 3969 duo
1146 3907 1179 3969 in
1199 3904 1281 3985 vigi-

217 4007 258 4072 lia
274 4027 330 4090 pro
342 4029 404 4075 uno
417 4012 654 4095 conjungantur
676 4012 795 4095 hymno
811 4019 841 4077 et
864 4012 926 4076 duo
940 4012 1051 4094 reliqui
1072 4010 1219 4076 similiter
1240 4010 1280 4072 ad

216 4131 363 4196 vesperas
379 4117 448 4200 ipso
469 4117 520 4183 die
533 4117 666 4183 solemni
692 4121 870 4202 recitentur,
887 4124 941 4183 aut
955 4118 999 4188 ita
1025 4108 1091 4190 bini
1112 4124 1142 4182 et
1156 4116 1224 4182 bini
1247 4118 1279 4178 in

1124 4247 1156 4306 13
