2992 5048
667 411 829 470 ‚igg-

243 530 416 588 ddnctanda
432 546 440 586 ι
456 533 598 589 Veterem
610 532 710 602 legem
723 533 786 603 legi
807 545 907 589 novae
922 530 1051 603 opponit
1075 530 1279 624 abaelardus.

210 626 268 682 Illa
292 625 423 696 timoris,
444 627 520 684 haec
535 628 658 699 amoris,
687 629 742 685 illa
760 629 802 685 in
827 627 897 685 Sina
924 628 1130 699 promulgata,
1146 627 1223 684 haec
1246 628 1280 684 in

211 723 464 791 coenaculo-lata,
489 722 544 781 illa
557 724 591 780 in
606 724 718 782 tabulis
732 724 862 796 lapideis
890 724 1014 794 scripta,
1026 725 1105 780 'haec
1135 723 1168 779 in
1182 722 1283 780 cordi-

210 820 269 876 bus
283 820 445 890 impressa.
460 820 575 878 Similia
591 822 672 894 apud
680 822 884 892 augustinum
892 820 1075 892 reperimus.
1084 823 1130 877 lta
1138 822 1282 878 Enarrat.

212 917 244 971 iu
258 918 308 972 Ps.
332 917 367 972 90
393 918 487 973 Serm.
502 918 531 987 2,
560 932 590 992 n,
607 920 634 976 8.
663 919 794 988 legimus
811 935 819 975 ε
836 937 850 968 «
865 918 899 974 ln
922 919 992 987 lege
1008 921 1122 985 autem,
1149 916 1183 973 in
1204 917 1283 973 libro

213 1013 313 1082 Moysi
326 1013 429 1070 Exodo
445 1028 463 1070 a
480 1014 529 1072 die
548 1016 618 1084 agni
634 1015 728 1073 occisi
740 1019 771 1073 et
785 1015 958 1073 manducati
973 1014 1198 1087 quinquaginta
1212 1014 1279 1072 dies

215 1115 419 1167 numerantur
448 1114 478 1168 et
491 1111 563 1169 data
577 1116 625 1169 est
651 1113 701 1169 lex
717 1113 749 1169 in
775 1113 886 1170 tabulis
899 1113 1029 1185 lapideis
1048 1112 1171 1184 scripta
1184 1110 1280 1180 digito

215 1204 278 1262 Dei.
295 1206 373 1273 Quid
392 1207 433 1264 sit
447 1207 561 1277 digitus
578 1209 643 1278 Dei,
659 1209 855 1280 evangelium
868 1210 956 1266 nobis
967 1209 1102 1281 exponit,
1119 1207 1192 1280 quia
1204 1207 1283 1278 digi-

215 1303 266 1357 tus
281 1301 336 1358 Dei
358 1302 490 1373 Spiritus
514 1307 638 1360 sanctus
668 1308 725 1361 est.
749 1304 903 1372 Quomodo
918 1301 1108 1376 probamus?
1134 1303 1282 1360 Dominus

217 1398 410 1471 respondens
421 1400 476 1469 eis,
488 1402 541 1474 qui
553 1402 642 1459 illum
657 1399 798 1460 dicebant
807 1403 840 1459 in
852 1403 976 1461 nominc
986 1401 1156 1460 Deelsebub
1169 1400 1283 1472 6116616

220 1495 380 1553 daemonia
395 1496 437 1553 ait
453 1514 460 1553 ε
475 1497 511 1554 Si
534 1512 589 1568 epo
605 1497 641 1554 in
662 1498 788 1568 Spiritu
801 1497 859 1556 Dei
871 1498 964 1569 alicio
990 1495 1177 1556 daemonia.
1192 1495 1284 1554 Aliud

221 1594 497 1663 evangelistarum
525 1597 583 1652 hoc
597 1598 760 1654 narraret:
780 1596 815 1653 Si
827 1611 893 1667 ego,
917 1596 1029 1668 inquit,
1045 1595 1081 1653 in
1107 1593 1207 1665 digito
1226 1591 1286 1650 Dei

221 1691 314 1761 ejicio
329 1693 515 1751 daemonic.
530 1694 615 1762 Quod
639 1709 712 1764 crgo
723 1695 859 1766 positum
871 1698 918 1753 est
932 1695 965 1751 in
978 1709 1041 1753 uno
1071 1697 1186 1766 aperte,
1202 1691 1285 1763 posi-

221 1792 286 1846 tum
300 1794 348 1847 est
378 1790 410 1847 in
430 1792 529 1848 altero
557 1792 698 1849 obscure.
723 1792 901 1860 Nesciebas,
918 1792 992 1864 quid
1007 1792 1048 1849 sit
1076 1791 1191 1860 digitus
1206 1788 1285 1855 Dei;

220 1887 346 1959 exponit
360 1887 439 1944 alius
454 1888 654 1959 evangelista,
668 1888 772 1946 dicem
785 1903 855 1946 eum
867 1904 937 1947 6666
952 1890 1095 1961 spiritum
1107 1887 1172 1945 Dei.
1188 1886 1288 1956 Digito

221 1983 369 2052 -ergoDei
382 1984 496 2056 scripta
510 1985 560 2041 lex
572 1984 643 2041 data>
661 1988 709 2042 est
728 1985 779 2043 die
793 1987 1047 2060 quinquagesimo
1076 1985 1113 2042 ab
1135 1983 1290 2042 occisione

226 2080 309 2151 agni,
324 2084 355 2138 et
368 2081 498 2154 Spiritus
528 2085 652 2140 sanctus
665 2084 752 2141 venit
766 2084 816 2142 die
841 2085 1096 2156 quinquagesimo
1112 2098 1130 2140 a
1143 2080 1292 2139 Passione

226 2179 350 2235 Domini
379 2180 478 2236 nostri
502 2182 577 2237 lesu
605 2181 729 2238 Christi.
754 2183 878 2240 Occisus
901 2186 949 2240 est
975 2196 1085 2252 agnus,
1099 2180 1215 2238 factum
1244 2180 1293 2235 est

228 2274 358 2344 Pascha,
374 2275 494 2347 impleti
513 2277 592 2333 sicut
606 2276 830 2349 quinquaginta
857 2279 923 2337 dies
938 2282 969 2335 61
983 2278 1054 2336 data
1068 2280 1116 2334 661
1139 2278 1199 2334 lex.
1234 2273 1293 2332 Sed

224 2371 274 2427 lex
287 2370 344 2428 illa
358 2371 397 2428 ad
408 2372 564 2442 timorem,
581 2386 644 2428 non
655 2373 702 2430 ad
717 2387 861 2431 amorem.
876 2378 915 2433 111
930 2377 1032 2431 autem
1057 2374 1150 2430 timor
1163 2385 1294 2428 conver-

223 2470 343 2524 teretur
358 2467 396 2524 ad
411 2482 555 2537 amorem,
586 2469 706 2527 occisus
722 2473 769 2526 est
785 2469 889 2540 J'ustus
900 2470 966 2542 jam
992 2471 1025 2526 in
1044 2469 1186 2536 veritate,
1201 2467 1292 2538 cujus

227 2569 321 2636 typus
337 2565 472 2623 erat-ille
486 2579 593 2636 agnus,
611 2580 703 2637 quem
729 2567 906 2625 occidebant
927 2567 1045 2625 ludaei.
1060 2565 1243 2624 Resurrexlt
1262 2569 1293 2622 et

227 2664 311 2721 adie
339 2665 475 2721 Paschae
500 2665 571 2734 agni
586 2665 679 2722 occisi
705 2669 905 2722 numerantur
930 2665 1153 2737 quinquaginta
1178 2663 1292 2721 dieset

227 2761 315 2818 renit
329 2761 460 2834 Spiritus
476 2765 599 2818 sanctus
612 2761 720 2832 jamin
733 2763 924 2834 plenitudine
939 2763 1051 2819 amoris
1066 2762 1176 2819 nonin
1196 2775 1291 2833 poena

227 2859 349 2916 timoris
363 2877 391 2915 n.
406 2861 505 2931 Atque
531 2859 578 2916 his
591 2858 684 2917 aillne
700 2864 755 2927 est,
779 2860 861 2933 quod
872 2875 1014 2917 sermone
1039 2861 1092 2916 156
1120 2858 1159 2916 de
1184 2858 1290 2915 vorbis

229 2954 411 3024 apostolia.
424 2955 451 3010 l.
466 2953 593 3025 profert,
600 2955 779 3027 exponendo
790 2955 946 3012 illaverha
956 2970 964 3012 t
976 2959 1044 3013 Non
1059 2955 1142 3011 enlm
1156 2954 1292 3024 accepis·

229 3053 270 3110 tis
283 3053 427 3125 spiritum
442 3053 599 3110 servitutis
613 3053 726 3109 iterum
740 3054 772 3109 in
786 3054 926 3110 timorem
943 3053 1038 3126 (Rom.
1054 3056 1082 3122 5,
1099 3050 1143 3124 15)
1158 3068 1167 3107 z
1185 3071 1199 3102 s
1214 3050 1295 3118 Quid

231 3153 278 3207 661
291 3147 427 3207 iterum?
442 3150 596 3217 Quomodo
614 3152 751 3206 terrente
764 3130 980 3207 molestissimo
1008 3149 1198 3222 paedagogo.
1215 3145 1294 3216 Quid

232 3251 280 3304 est
289 3249 402 3305 iterum
413 3245 427 3301 1
437 3248 520 3305 Siout
532 3248 564 3303 in
578 3250 682 3303 monte
701 3248 772 3304 Sina
782 3248 942 3319 accepistis
961 3248 1104 3320 spiritum
1119 3243 1293 3303 servitutis.

232 3343 310 3400 Dicit
324 3344 394 3415 quis
411 3358 418 3397 :
436 3342 523 3400 Alius
544 3346 591 3399 est
607 3342 733 3414 spiritus
763 3343 933 3414 servitutis,
953 3343 1032 3401 alius
1058 3343 1186 3414 spiritus
1201 3340 1295 3399 liber·

231 3440 314 3497 tatis.
331 3441 361 3497 Si
373 3439 453 3497 alius
465 3443 558 3510 esset,
573 3454 636 3497 non
648 3440 764 3497 diceret
776 3442 935 3512 apostolus
951 3441 1077 3497 iterum.
1097 3441 1182 3498 Idem
1198 3439 1297 3508 igitur

234 3536 362 3609 spiritus
380 3537 435 3594 sed
456 3538 489 3593 in
509 3537 622 3594 tabulis
635 3537 764 3609 lapideis
777 3537 810 3593 ln
824 3538 945 3607 timore,
960 3539 993 3594 in
1019 3537 1134 3595 tabulis
1148 3535 1250 3594 cordis
1264 3535 1299 3591 in

235 3634 398 3692 dilectione
413 3652 438 3688 1.
453 3635 492 3690 ut
509 3633 541 3689 in
563 3648 704 3690 sermone
717 3633 789 3690 huic
813 3635 951 3706 proxime
977 3633 1175 3706 praecedenti
1189 3649 1199 3689 ε
1213 3653 1227 3684 u
1241 3631 1300 3689 Sed

236 3731 348 3801 videte,
373 3730 483 3803 inquit,
500 3730 543 3787 ihi
569 3730 717 3802 quomodo
734 3734 764 3788 et
793 3731 842 3788 hic
857 3731 1019 3803 quomodo.
1035 3731 1080 3787 lbi
1104 3730 1194 3802 plebs
1208 3730 1301 3798 longo

237 3829 347 3898 stabat,
361 3828 453 3886 timor
466 3830 542 3898 erat,
558 3842 643 3885 amor
658 3842 719 3884 non
734 3830 810 3886 erat.
823 3833 1011 3901 Namusque
1025 3829 1102 3887 adeo
1117 3828 1301 3894 timuerunt,

236 3930 271 3984 ut
286 3926 425 3984 dicerem
438 3926 477 3983 ad
505 3928 656 3996 Moysen:
673 3927 812 3998 Loquere
825 3930 860 3985 tu
883 3927 922 3987 ad
934 3941 990 3984 nos
1014 3930 1045 3984 et
1058 3941 1122 3984 non
1143 3924 1232 3982 nobis
1256 3925 1302 3981 lo·

237 4024 350 4092 quatur
363 4022 522 4090 Dominus,
538 4035 577 4078 ne
592 4022 767 4080 moriamur.
784 4023 947 4081 Descendit
959 4036 1042 4093 ergo,
1059 4022 1140 4079 sicut
1154 4021 1304 4092 scriptum

237 4120 295 4189 est,
311 4122 392 4176 Deus
404 4119 437 4175 in
461 4119 532 4176 Sina
550 4119 582 4175 in
596 4119 667 4189 igne
682 4120 737 4177 sed
755 4121 877 4192 plebem
888 4122 981 4190 longe
996 4122 1129 4177 stantem
1143 4116 1302 4183 territans,

238 4216 334 4286 digito
349 4231 406 4275 suo
420 4216 559 4304 scribens
573 4217 606 4272 in
616 4217 719 4288 lapide
731 4232 793 4274 non
806 4219 839 4275 in
853 4219 955 4285 corde.
972 4221 1038 4276 Huc
1059 4220 1162 4275 autem
1181 4213 1304 4288 quando
