2992 5048
675 411 835 468 430-

213 532 365 605 precibus,
382 535 423 603 B;
447 534 530 592 addit
557 535 641 593 Pitra
655 553 662 592 :
677 538 817 607 Arbitror
839 535 1003 608 legendum
1019 552 1026 592 ε
1045 527 1283 607 opopclorom

208 631 367 700 precibus.
382 631 460 698 Quid
471 633 645 706 legendum,
660 635 775 693 indicat
788 635 859 694 cod.
874 635 1035 705 calmont,
1050 634 1124 691 licet
1134 635 1191 691 hoc
1212 637 1282 694 loco

213 731 406 796 apostorum
419 744 476 800 pro
490 733 719 800 Apostolorum
740 733 917 805 scripserit;
939 732 995 790 sed
1017 732 1050 788 in
1078 734 1282 804 sequentibus

213 825 335 895 hymnis
348 829 487 883 recte.—-
499 829 527 897 9,
538 829 572 906 l.¹
579 829 678 886 isdem
690 843 746 886 nos
760 828 1001 897 charismatibus,
1015 831 1072 896 BC,
1085 829 1177 900 idque
1187 833 1285 899 recte,

214 921 296 978 unde
308 924 443 980 nullatus
458 925 689 984 assentiendum
705 927 819 996 Pitrae‚
845 926 896 998 qui
911 940 1078 998 suppresso
1095 940 1154 983 nos
1178 927 1285 996 legere

214 1017 451 1075 velletlisctem.

248 1112 450 1171 Adnotanda:
480 1118 672 1186 Hymnorum
700 1117 890 1188 paschalium
910 1117 1047 1211 rhythmi
1076 1117 1113 1173 ad
1146 1131 1286 1176 normam

221 1211 387 1269 schematis
399 1213 587 1286 infrascripti
603 1215 771 1274 decurrunt
787 1232 793 1270 :

549 1351 929 1404 ---‡-‡„ua

549 1444 956 1511 ---‡-‡-sb'

552 1588 575 1598 ..
595 1588 619 1598 ..
640 1588 664 1597 ..
686 1564 707 1598 L
729 1589 753 1598 -
775 1564 796 1598 ,1
818 1589 842 1598 ..
864 1563 885 1598 ¹-
908 1571 931 1617 a

509 1624 921 1723 ¹---‡-‡-ub

414 1760 1010 1850 ---‡-L}---‡-LG

504 1868 968 1965 ---l---‡-sc

462 1985 971 2072 ----¹---‡-u0

260 2120 352 2174 Totus
382 2122 430 2175 est
450 2120 583 2188 hymnus
609 2123 642 2178 in
668 2126 785 2193 septem
797 2121 896 2192 donis,
910 2136 989 2192 quae
1008 2124 1130 2187 vocant,
1144 2121 1276 2193 Spiritus

225 2211 322 2269 sancti
336 2214 535 2283 explicandis.
551 2218 668 2272 Horum
680 2217 830 2274 donorum
853 2215 966 2273 lenset
979 2216 1065 2285 origo
1082 2217 1122 2273 ls.
1143 2215 1221 2283 lta
1238 2229 1286 2288 sq.

227 2313 386 2371 habendus
401 2315 458 2368 est.
477 2333 490 2364 α
506 2313 610 2384 ipsum
631 2314 839 2385 septenarium
854 2326 1016 2370 numerum
1037 2316 1143 2371 sancto
1156 2313 1284 2385 Spiritui

222 2409 443 2481 quodammodo
459 2409 641 2477 dedicatum,
659 2407 849 2466 commendat
860 2408 1013 2478 scriptura
1027 2412 1057 2464 et
1075 2409 1161 2465 novit
1182 2409 1280 2465 eccle·

222 2504 268 2560 sia
283 2521 312 2560 s.
324 2506 453 2574 August.
471 2505 632 2562 de'Genesi
645 2505 683 2563 ad
695 2505 742 2561 lit.
757 2505 779 2560 l.
799 2507 835 2574 V,
846 2520 871 2560 c.
880 2505 910 2561 ·5.
924 2505 1035 2561 Fusius
1049 2505 1131 2562 idem
1140 2505 1172 2561 in
1190 2507 1285 2562 Serm.

221 2600 259 2656 de
271 2601 305 2657 10
317 2602 417 2672 plagis
432 2601 515 2658 etde
530 2602 564 2657 10
577 2602 751 2673 praeceptis
767 2618 774 2656 ε
792 2601 864 2658 ‹Ad
885 2601 942 2657 hoc
961 2602 1154 2672 septenarius
1179 2615 1290 2659 nume·

220 2710 276 2752 rus
289 2697 380 2753 etiam
396 2697 521 2769 Spiritui
537 2700 642 2755 sancto
658 2699 832 2769 deputatur,
844 2697 901 2753 hoc
917 2696 1088 2767 scripturae
1101 2700 1225 2754 nostrae
1235 2712 1282 2755 sa·

220 2793 261 2848 tis
277 2793 420 2851 indicant.
435 2794 574 2851 Viderint
585 2795 714 2851 meliora
726 2794 869 2851 meliores
885 2797 916 2849 et
927 2793 1043 2863 majora
1056 2793 1188 2864 majores
1203 2784 1287 2852 etde

220 2892 280 2946 isto
293 2892 468 2962 septenario
484 2906 612 2948 numero
626 2891 770 2949 subtilius
782 2890 900 2961 aliquid
910 2905 945 2947 ac
953 2891 1088 2947 divinius
1104 2891 1220 2962 aliquid
1235 2890 1283 2947 di-

217 2989 291 3042 cant
304 2991 334 3044 et
345 2990 506 3059 explicent.
521 2991 585 3058 ugo
594 2992 707 3058 tamen,
725 2987 807 3060 quod
821 2988 853 3042 in
872 2988 1029 3057 praesenti
1043 2990 1091 3044 sat
1122 2990 1179 3057 est,
1205 2985 1285 3042 illud

220 3078 321 3150 video,
337 3080 417 3138 illud
432 3096 488 3138 vos
505 3081 542 3139 ad
556 3081 724 3138 videndum
736 3094 950 3151 commemoro,
972 3078 1178 3151 septenariam
1193 3078 1284 3134 istam

220 3175 371 3233 rationem
382 3178 521 3235 inveniri.
529 3177 655 3249 proprie
668 3179 773 3233 sancto
787 3177 913 3247 Spiritui
924 3177 1111 3248 deputatam,
1127 3174 1202 3245 quia
1214 3187 1284 3246 sep-

220 3271 295 3330 timo
310 3273 360 3330 die
374 3278 463 3332 sonat
475 3274 680 3331 sanctificatio.
697 3275 736 3330 Et
749 3272 832 3330 unde
844 3273 1010 3345 probamus
1031 3273 1136 3329 sancto
1155 3268 1286 3340 Spiritui

220 3366 361 3436 deputari
375 3368 579 3439 septenariam
593 3367 712 3424 numeri
726 3367 877 3423 rationem
891 3365 905 3421 ‘l
920 3367 998 3425 Dicit
1013 3365 1118 3433 isaias,
1137 3362 1287 3433 Spiritum

220 3464 275 3519 Dei
288 3465 397 3522 venire
418 3480 512 3536 super
538 3465 655 3534 fideles,
680 3478 774 3535 super
803 3464 1021 3533 Christianum,
1048 3475 1144 3534 super
1172 3459 1287 3517 Christi

221 3557 391 3614 membrum
415 3558 583 3630 sapientiae
597 3560 629 3614 et
659 3557 846 3626 intellectus,
872 3556 998 3613 concilii
1024 3560 1056 3613 et
1081 3555 1283 3626 fortitudinis,

221 3654 367 3712 scientiae
381 3659 412 3712 et
424 3656 558 3726 pietatis,
572 3654 714 3727 spiritum
724 3653 844 3710 timoris
858 3654 922 3709 Dei.
938 3654 969 3710 Si
984 3654 1082 3711 secuti
1109 3655 1196 3723 estis,
1217 3667 1287 3724 sep-

219 3753 283 3808 tem
294 3766 345 3810 res
357 3753 538 3825 percucurri
558 3755 713 3823 tamquam
741 3750 977 3808 descendentem
1005 3751 1044 3809 ad
1057 3765 1114 3808 nos
1143 3751 1287 3822 spiritum

219 3847 275 3903 Dei
288 3861 306 3904 a
317 3847 470 3919 sapientia
481 3861 581 3918 usque
597 3845 635 3903 ad
651 3846 802 3914 timorem,
816 3849 852 3902 ut
862 3859 919 3903 nos
935 3845 1135 3903 ascendamus
1146 3844 1286 3902 atimore

219 3945 259 4002 ad
273 3945 465 4016 sapientiam.
479 3943 618 4001 Initium
631 3941 810 4012 sapientiae
827 3941 927 4000 timor
939 3943 998 4000 Dei
1012 3942 1117 4016 (Pron.
1138 3944 1165 4014 1,
1177 3943 1221 4014 7).
1240 3943 1285 3999 lta

220 4056 294 4113 ergo
309 4043 503 4114 septenarius
518 4042 645 4114 spiritns
668 4044 698 4097 et
720 4055 804 4098 unus
819 4041 956 4112 spiritus,
971 4042 1147 4114 septenaria
1176 4051 1285 4111 opera·

218 4137 302 4194 tione
318 4151 410 4194 unus.
433 4139 481 4194 An
504 4135 620 4208 aliquid
646 4135 818 4192 evidentius
847 4136 944 4193 vultis
958 4135 1186 4193 ‘lPentecosten
1202 4132 1284 4191 diem

219 4232 333 4291 testum
344 4234 501 4306 Scriptura
515 4236 620 4291 sancta
628 4232 666 4289 de
679 4231 857 4302 septimanis
866 4231 1211 4290 lactumcommemorat.
1222 4230 1285 4286 lla·
