2992 5048
699 443 844 497 ...47-

744 695 809 764 XV

689 862 733 913 nd
745 863 866 915 Nonam.

242 1052 274 1119 t.
332 1053 484 1142 Septem,
506 1077 592 1146 quas
616 1057 794 1142 solvimus,
816 1060 986 1131 *diurnis
1005 1063 1166 1135 laudibus

331 1165 517 1238 Nocturnis
536 1168 694 1241 additis*
712 1183 787 1242 octo
806 1174 1018 1264 perficimus,

330 1283 379 1352 Ex
398 1284 527 1374 quibus
545 1291 728 1377 quatuor*
746 1290 908 1359 adscribe
922 1311 1086 1383 vesperae

327 1398 371 1467 Et
389 1420 491 1470 mane
510 1409 660 1490 quatuor
678 1404 875 1495 *diemque
888 1407 1027 1496 perfice.

241 1595 275 1662 ἓ.
331 1598 361 1664 Α
381 1618 473 1667 nona
502 1620 685 1691 vesperam
703 1601 864 1670 *scimus
882 1602 1045 1692 incipere,

332 1712 421 1782 Cum
440 1714 492 1782 sol
512 1734 550 1784 so
575 1716 728 1805 coeperit
744 1721 761 1757 *
780 1717 882 1786 terris
901 1716 1120 1808 immergere,

332 1829 361 1896 E
379 1835 501 1899 contra
513 1838 608 1901 recte
628 1831 735 1921 quis*
754 1853 855 1901 mane
867 1833 1029 1902 tribuerit

337 1944 549 2016 Post-noetis
568 1947 733 2036 medium,
753 1953 858 2018 *cum
876 1949 926 2018 sol
946 1951 1138 2019 emerserit.

245 2146 278 2214 3.
339 2143 423 2216 Octo
437 2145 618 2215 coniicitur
631 2150 647 2187 *
662 2152 777 2216 nostra
798 2145 1005 2232 substantia,

335 2262 446 2340 Quam
466 2261 606 2330 demum
623 2261 759 2350 perficit
776 2266 792 2303 *
811 2268 953 2330 octavae
966 2261 1088 2350 gloria,

335 2378 468 2465 Corpus
481 2397 523 2445 ex
537 2385 687 2465 quatuor
704 2378 893 2445 *constare
912 2375 1084 2460 novimus,

307 2484 308 2487 '
332 2493 456 2562 Ornari
478 2491 619 2561 totidem
637 2494 804 2561 *mentes
823 2491 1027 2560 virtutibus.

247 2686 281 2754 ῑι.
337 2686 427 2755 Hinc
446 2693 539 2755 recte
559 2682 718 2775 gratias*
733 2684 768 2751 in
788 2691 864 2754 octo
878 2682 1040 2752 laudibus

332 2803 401 2868 Pro
419 2801 516 2867 nobis
535 2799 709 2867 Domino*
722 2798 805 2865 solvi
819 2798 1018 2881 statuimus,

331 2915 510 2984 Deiectum
528 2912 683 3001 corporis
701 2919 718 2954 *
735 2902 943 3002 'praebentes
960 2931 1139 3000 vesperae,

323 3032 425 3099 Mane
440 3026 659 3096 tribuimus*
676 3027 832 3117 vigorem
847 3027 994 3094 animae.

244 3229 277 3297 t.
332 3224 483 3294 Perenni
503 3223 647 3291 Domino
665 3219 681 3256 *
700 3241 823 3311 perpes
841 3220 886 3289 sit
913 3217 1034 3307 gloria,

333 3344 385 3411 Ex
404 3361 473 3430 quo
482 3349 577 3419 sunt,
593 3358 655 3428 per
669 3357 773 3427 quem
790 3343 883 3421 sunt,
899 3339 916 3376 *
935 3333 970 3401 in
988 3352 1056 3421 quo
1072 3338 1154 3400 sunt
1170 3331 1304 3401 omnia:

329 3460 380 3527 Ex
401 3478 470 3549 quo
490 3463 585 3541 sunt,
606 3463 704 3544 pater
722 3459 787 3536 est,
808 3458 824 3494 *
842 3471 903 3541 per
922 3445 1025 3539 quem
1043 3455 1137 3534 sunt,
1153 3447 1257 3533 filius,

330 3574 369 3641 In
388 3593 458 3662 quo
474 3579 566 3658 sunt,
585 3568 694 3660 patris
713 3568 776 3637 et*
795 3565 857 3634 filii
876 3566 1030 3654 spiritus
