2992 5048
667 412 775 470 -tst
792 443 827 456 -

211 540 308 608 retur,
323 535 421 607 inaqor
436 536 496 602 est;
513 533 672 592 dissuadet
683 543 883 607 speleum-telo
899 532 988 590 ratio.
1005 533 1040 588 ln
1056 533 1157 591 tertio
1166 528 1284 607 hymno

211 642 318 690 omnes
332 630 483 703 versusin
496 644 555 685 um
567 630 769 700 desinunt,.in
785 628 920 689 secundo
932 628 965 685 in
976 632 1020 698 ot,
1031 628 1064 685 in
1079 635 1187 690 nostro
1195 633 1230 690 in
1240 648 1263 692 a
1271 655 1283 701 ‚-

211 726 239 784 si
253 726 313 784 duo
328 729 431 784 essent
451 726 567 798 hymni,
588 728 679 786 aliter
692 729 798 802 primi,
814 728 904 786 aliter
926 725 1052 784 alterius
1076 741 1189 787 versus
1202 730 1283 788 forte

211 825 396 882 desinerent.
431 827 485 882 Est
517 823 617 883 etiam‘
641 828 740 884 altera
780 826 957 884 difficultas.
994 825 1030 881 ln
1072 827 1208 884 secundo
1252 832 1285 884 et

210 921 301 978 tertio
319 922 433 992 hymno
446 922 528 979 terni
541 936 656 980 versus
674 937 770 981 unam
785 923 944 993 stropham
961 920 1095 978 formant
1109 923 1160 980 vel
1176 925 1285 981 saltem

211 1017 347 1075 formare
360 1021 501 1089 possunt,
517 1019 591 1090 quia
604 1001 676 1091 post
694 1020 822 1077 tertium
842 1032 997 1091 quemque
1015 1032 1143 1076 versum
1162 1023 1287 1078 seuten-

210 1107 255 1164 tia
269 1107 416 1178 quaedam
424 1107 546 1177 integra
559 1110 732 1180 completur
748 1112 840 1182 atque
850 1108 1031 1165 absolvitur.
1045 1110 1084 1164 At
1096 1109 1129 1165 in
1142 1109 1200 1166 hoc
1214 1109 1287 1168 nos·

210 1206 259 1261 tro
270 1203 382 1275 hymno
397 1204 522 1262 nonnisi
542 1219 596 1263 sex
609 1220 722 1264 versus
729 1205 762 1263 in
773 1206 931 1277 stropham
941 1204 1116 1262 coalescere
1126 1205 1284 1286 videntur,

212 1302 285 1375 quia
297 1305 367 1374 post
384 1302 526 1374 primam,
545 1307 697 1375 quartam,
714 1307 841 1375 sextam,
866 1305 1016 1387 octavam,
1041 1302 1192 1360 decimam
1206 1306 1288 1361 stro·

211 1400 304 1472 pham
318 1400 470 1458 sententia
480 1415 543 1458 non
561 1400 669 1459 finitur
684 1402 740 1460 sed
755 1403 937 1472 sequentem
959 1399 1116 1472 stropham
1129 1402 1286 1474 tamquam

214 1496 264 1553 sui
280 1498 540 1567 complementum
555 1497 720 1556 desiderat.
746 1498 805 1556 Sed
826 1499 926 1570 impar
945 1501 994 1554 est
1017 1497 1215 1568 stropharum
1228 1512 1288 1556 nu-

211 1607 315 1651 merus
330 1594 362 1650 iu
376 1595 434 1651 hoc
445 1598 476 1651 et
490 1596 523 1652 in
537 1596 652 1666 hymno
672 1597 775 1654 tertio.
791 1599 899 1668 Neque
922 1594 1002 1652 iilud
1016 1609 1073 1652 nos
1084 1593 1188 1668 juvat,
1203 1597 1287 1668 quod

212 1688 330 1759 athecta
353 1691 527 1762 doxologia,
547 1707 627 1763 quae
641 1693 763 1764 excidit,
785 1707 934 1750 numerus
958 1705 1016 1762 par
1030 1692 1159 1759 evadat3
1175 1692 1285 1764 quodsi

215 1786 344 1843 enimin
360 1787 460 1859 primo
483 1791 513 1845 et
529 1789 621 1846 tertio
637 1791 752 1860 hymno
772 1803 937 1847 numerum
959 1802 1068 1860 parem
1093 1787 1238 1859 efficeret,
1253 1789 1287 1844 in

215 1884 351 1941 secundo
371 1885 520 1957 imparem
546 1887 677 1945 eundem
708 1887 863 1946 redderet.
888 1891 996 1959 Neque
1026 1886 1151 1956 seimus,
1179 1890 1285 1944 utrum

217 1981 378 2051 doxologia
388 1996 441 2039 sex
454 1984 507 2041 vel
515 1984 614 2043 trihus
623 1987 744 2043 tantum
752 1985 896 2042 versibus
910 1984 1083 2041 constiterit
1093 2001 1101 2048 ;
1112 1983 1139 2041 si
1149 1998 1214 2055 sex,
1223 1985 1286 2040 sin-

216 2077 309 2147 gulae
330 2080 438 2136 saltem
454 2081 597 2152 strophae
617 2081 650 2138 in
667 2081 767 2154 primo
792 2085 824 2139 et
845 2082 937 2139 tertio
961 2081 1075 2151 hymno
1096 2080 1286 2152 exciderunt,

214 2176 247 2230 et
272 2174 397 2246 quidem
415 2176 447 2232 in
465 2177 565 2248 primo
580 2179 694 2249 hymno
710 2179 777 2236 sive
790 2181 861 2237 ante
884 2178 951 2235 sive
967 2179 1038 2249 post
1052 2177 1209 2249 stropham
1222 2181 1287 2236 ter-

214 2269 299 2328 tiam.
318 2275 401 2339 Quae
416 2288 486 2331 cum
496 2273 598 2332 omnia
610 2275 703 2333 duhia
717 2275 780 2333 sint
792 2277 824 2332 et
838 2273 954 2344 hymni,
974 2273 1053 2345 proh
1068 2273 1166 2339 dolor,
1181 2273 1214 2329 in
1229 2276 1286 2332 Go-

215 2363 284 2421 dice
303 2367 502 2425 calmontauo
516 2368 628 2436 desint,
644 2369 774 2439 hymnos
796 2367 921 2440 reliqui,
935 2371 1028 2439 prout
1040 2367 1108 2439 ipse
1121 2367 1206 2423 Pitra
1219 2381 1289 2424 eos-

214 2457 286 2517 dem
300 2462 405 2520 edidit
421 2495 456 2506 -
471 2467 498 2536 1,
508 2467 537 2520 2.
554 2469 636 2523 llaec
651 2481 687 2522 ex
698 2468 875 2535 Fortunato,
890 2464 944 2535 qui
958 2464 1069 2536 etipse
1081 2463 1289 2532 augustinum

215 2560 375 2636 auctorem
383 2559 490 2618 hahuit
503 2562 655 2620 dicentem
666 2553 827 2620 :Cruxill'a
840 2559 997 2616 vexillum
1004 2562 1143 2616 nostrum
1157 2562 1206 2617 est
1216 2575 1289 2619 con·

215 2657 266 2712 tra
284 2655 496 2715 adversarium
511 2664 651 2717 nostrum
666 2658 831 2717 diabolum.
847 2661 890 2715 De
904 2656 1046 2726 symbolo
1061 2657 1100 2714 ad
1114 2656 1285 2714 catechum.

216 2765 248 2808 n.
262 2753 290 2808 5.
305 2755 382 2824 -l,
398 2755 425 2811 1.
440 2756 502 2814 Cir.
516 2757 610 2814 Exod.
627 2759 672 2827 12,
687 2758 721 2824 73
736 2756 846 2812 Ezech.
862 2757 891 2824 9,
906 2754 1051 2826 43Apoc.
1063 2756 1091 2824 7,
1104 2753 1141 2822 33
1155 2756 1183 2823 9,
1194 2756 1228 2820 4;
1240 2755 1289 2825 20,

216 2848 252 2917 43
266 2851 378 2908 confer
392 2856 423 2910 et
440 2854 520 2911 illud
542 2855 731 2926 Augustini:
748 2873 762 2910 e
786 2857 922 2922 Quorum
944 2866 1092 2911 numerus
1122 2853 1290 2925 [sociorum

217 2945 381 3020 Gedeonis]
405 2952 478 3023 quia
491 2953 619 3009 trecenti
634 2951 873 3021 erantsignum
888 2951 1026 3032 insinuat
1043 2951 1142 3007 crucis
1161 2953 1293 3023 propter

216 3041 337 3100 literam
351 3048 373 3102 Τ
386 3047 544 3116 Graecam,
560 3062 621 3120 qua
635 3049 689 3104 ille
703 3060 852 3105 numerus
867 3046 1058 3116 significatur
1078 3064 1104 3102 s.
1120 3048 1243 3118 Quaest.
1255 3045 1290 3102 in

215 3138 285 3195 lud.
304 3139 329 3200 l.
347 3142 414 3212 Vll,
429 3144 455 3199 9.
474 3143 521 3201 37.
539 3174 576 3184 -
588 3145 616 3213 8,
630 3146 650 3200 2
663 3158 710 3216 sq.
728 3145 821 3212 ilaec,
832 3156 869 3198 ex
879 3143 969 3200 Cant.
986 3143 1015 3213 7,
1026 3144 1044 3198 8
1055 3141 1234 3214 deprompta
1245 3143 1292 3199 le-

217 3240 333 3304 guntur
346 3238 378 3294 in
390 3240 546 3298 Breviario
561 3241 727 3311 Lundensi,
736 3240 888 3312 impresso
906 3241 1149 3311 1517,tamquam
1161 3239 1189 3296 3.
1203 3239 1292 3297 Anti-

214 3331 320 3400 phona
333 3348 427 3407 super
441 3337 622 3393 Psalmosin
645 3337 753 3409 primis
767 3337 909 3409 vesperis
924 3335 995 3392 testi
1008 3336 1151 3404 inventae
1166 3334 1266 3393 crucis
1281 3351 1291 3389 z

215 3421 295 3485 ntes
308 3433 483 3488 urendam
494 3431 530 3488 ic
538 3437 692 3502 palmam
708 3436 737 3489 et
750 3433 999 3502 >apprehendam
1007 3433 1154 3501 fructum
1168 3435 1244 3502 ejus.
1255 3460 1293 3472 -

214 3529 261 3586 Ad
272 3541 339 3584 rem
350 3527 538 3586 Ahaelardus
553 3543 695 3586 sermone
707 3530 744 3586 25
759 3545 768 3584 ι
786 3528 912 3586 «Adam
926 3542 1028 3586 novus
1043 3529 1075 3585 in
1090 3521 1174 3598 ligno
1190 3527 1291 3584 crucis

215 3623 347 3683 redemit
361 3627 392 3682 et
403 3625 441 3683 de
455 3626 538 3696 ligno
552 3627 629 3696 ligni
644 3626 754 3683 damna
768 3627 927 3698 reparavit
939 3629 970 3684 et
984 3626 1067 3684 noxii
1085 3625 1168 3698 pomi
1192 3623 1294 3682 letife-

214 3701 286 3777 rum
309 3723 536 3793 gustumquasi
554 3721 755 3779 medicamine
768 3721 902 3795 quodam
918 3722 1049 3791 curavit,
1064 3720 1214 3778 fructibus
1228 3719 1292 3776 illis

215 3816 254 3876 de
269 3818 379 3876 arhore
402 3821 543 3893 sumptis,
558 3822 597 3879 de
615 3821 726 3893 quihus
741 3823 873 3893 ipsemet
888 3823 953 3879 ait:
970 3823 1151 3879 ascendam
1165 3819 1201 3878 in
1215 3822 1297 3891 pal·

216 3929 308 3973 mcm
322 3919 351 3972 et
369 3919 613 3987 apprehendam
625 3920 756 3989 fructus
777 3922 853 3989 ejus.
872 3920 955 3987 Quid.
974 3921 1057 3978 enim
1071 3934 1128 3992 per
1148 3921 1295 3993 palmam,

216 4027 278 4085 qua
291 4013 420 4073 victoria
435 4016 623 4088 designatur,
639 4017 700 4075 nisi
713 4032 789 4074 crux
804 4017 924 4075 Domini
939 4017 1139 4088 significatur,
1152 4031 1214 4091 qua
1227 4017 1294 4089 ipse

215 4111 371 4169 diabolum
380 4114 618 4186 triumphavitet
628 4101 1096 4188 ineanostramredemptionem
1106 4128 1237 4187 operans
1244 4129 1292 4185 ea,

216 4221 297 4278 quae
310 4208 488 4268 adsalutem
497 4215 634 4270 nostram
640 4213 806 4284 pertinent,
817 4209 1089 4270 consummavits‘l
1099 4242 1134 4253 -
1142 4203 1294 4282 10,qu-
