2992 5048
678 438 822 492 ..54-

711 661 790 730 XXI

611 829 719 897 anrn
754 851 890 899 Tsrrrn.

641 971 686 1022 Ad
707 973 859 1038 vesperas.

214 1161 247 1227 t.
305 1158 385 1228 Post
408 1158 511 1227 fidem
531 1163 636 1248 atque
655 1179 752 1249 spem
774 1165 791 1201 *
810 1159 913 1229 timor
928 1159 1114 1245 incutitur,

300 1273 372 1349 Ouo
387 1272 623 1341 mercenarius
635 1271 652 1306 *
671 1281 732 1341 aut
744 1292 871 1342 servus
891 1275 1021 1364 agitur,

301 1388 389 1456 Dum
407 1387 499 1457 hunc
514 1388 700 1458 sollicitant
718 1386 734 1423 *
752 1395 892 1477 sperata
907 1389 1088 1459 commodo

296 1504 474 1572 Vetilium
492 1503 704 1574 stimulent*
723 1504 860 1594 flagella
879 1505 1030 1574 condita.
1095 1513 1098 1519 ’

215 1699 247 1766 2.
302 1698 495 1788 Antiquum
514 1699 616 1768 timor
633 1699 689 1768 hic
705 1697 722 1733 ’⁸‘
741 1699 895 1789 possedit
916 1700 1096 1790 populum,

305 1813 408 1902 Legis
427 1812 618 1903 pollicitis*
637 1821 671 1882 et
689 1815 792 1883 minis
812 1813 1004 1900 subditum,

301 1930 391 1997 Dum
408 1927 463 1997 lex
480 1928 728 2018 promitteret*
749 1929 834 1999 haee
851 1930 942 1999 bona
960 1930 1108 2021 cupidis,

302 2045 392 2112 Reos
409 2043 562 2113 afficeret
579 2041 596 2077 *
616 2045 736 2134 poenis
754 2045 984 2134 gravissimis.

214 2231 247 2300 3.
305 2231 358 2299 Ex
376 2237 470 2300 terro
488 2230 637 2299 vivere*
656 2231 790 2321 plantas
810 2231 1044 2324 agnoscimus,

304 2347 447 2415 Creatas
466 2344 596 2414 hodie*
615 2367 702 2435 quos
720 2368 796 2416 esse
814 2348 974 2438 legImus,

305 2460 349 2527 Et
366 2458 475 2528 vitem
494 2460 601 2528 Israel
617 2464 633 2500 ’¹‘
652 2467 826 2531 terrenam
846 2461 997 2547 duxerit,

302 2572 415 2660 Cujus
433 2573 617 2662 promissio
634 2582 651 2618 *
668 2584 806 2645 terrena
828 2576 948 2645 fuerit.

216 2765 250 2832 li.
305 2766 454 2837 Perenni
473 2770 777 2862 Domino*perpes
795 2774 842 2842 sit
859 2775 985 2863 gloria,

306 2882 356 2949 Ex
366 2903 435 2970 quo
445 2893 538 2971 sunt,
550 2905 612 2974 per
620 2890 890 2975 quemsunt,*in
901 2909 970 2978 quo
987 2894 1083 2974 sunt,
1098 2887 1213 2956 omnia
1228 2904 1236 2952 :

304 2995 355 3062 Ex
374 3017 441 3085 quo
460 3006 552 3084 sunt,
571 3008 669 3088 pater
687 3007 751 3082 est,
767 3000 784 3035 *
799 3021 860 3091 pes
878 3024 981 3091 quem
995 3010 1089 3086 sunt,
1110 2998 1216 3083 filius,

305 3108 419 3198 inquo
437 3118 530 3197 sunt,
546 3112 656 3202 patris
675 3118 739 3182 et*
757 3114 818 3182 filii
838 3115 1000 3204 spiritus
