2992 5048
552 840 660 909 Funis
691 862 812 909 ssxru.

560 979 606 1031 Ad
637 981 817 1034 blatutinum.

310 1179 341 1246 l.
401 1177 494 1246 Laus
512 1176 878 1259 instntsextaeieriee,

397 1292 466 1361 Pro
484 1311 553 1381 qua
572 1290 746 1360 debentur
764 1292 870 1377 utine,¹

352 1409 426 1487 Qun
444 1409 648 1478 formatur*
668 1407 771 1477 humo
786 1409 998 1508 novissimus

354 1521 574 1615 Praeparatis
591 1521 608 1559 *
628 1523 659 1592 ei
676 1525 750 1612 jam
770 1521 964 1594 omnibus(

308 1718 343 1784 2.
403 1718 476 1786 Hae
494 1715 531 1783 in
549 1715 626 1784 lnce
637 1716 816 1786 terrestria

317 1862 321 1871 ·
399 1831 570 1900 Creantur
589 1832 791 1917 animantia,

353 1943 466 2014 Omne
483 1953 595 2034 terrae
613 1943 686 2013 *de
705 1952 799 2014 terra
813 1947 947 2038 reptile,

357 2060 476 2131 Omne
487 2081 597 2152 genus
614 2062 632 2129 ‘t
650 2061 823 2150 protertur
844 2063 989 2144 bestiae.

313 2257 348 2326 3.
408 2256 465 2325 Fit
481 2256 637 2325 omnium
656 2257 866 2327 novissimus

401 2373 523 2458 Home,
545 2373 605 2461 qui
619 2373 749 2462 praesit
767 2373 940 2460 omnibns,
1030 2462 1033 2469 ¹

355 2487 410 2556 Ad
434 2486 519 2558 haee
536 2495 659 2557 eunom
678 2486 694 2522 *
712 2488 916 2578 spectabant
935 2490 1124 2559 terminum

356 2601 548 2692 Tamquam
570 2600 705 2670 linem*
725 2608 928 2672 cunctorum
947 2604 1102 2673 unicum.

312 2794 346 2862 [ι.
407 2796 575 2865 Summus
585 2800 726 2864 crentur
744 2795 913 2873 omnium,

403 2909 443 2976 ln
460 2925 528 2998 qun
547 2928 682 2977 summa
701 2914 942 2998 metoparum,

359 3020 398 3089 ln
417 3021 483 3090 hoc
500 3021 612 3091 omnis
629 3023 646 3060 *
662 3022 818 3110 expletur
843 3025 990 3093 termino

359 3135 502 3205 Consilii
518 3135 535 3173 *
551 3134 668 3206 divina
684 3138 783 3208 ratio·

305 3331 348 3398 ³5.
407 3331 480 3400 Hoc
498 3352 607 3400 unum
621 3331 754 3421 plasma
771 3333 885 3403 nobile

398 3447 439 3514 ln
453 3466 521 3536 quo
535 3448 745 3536 resplendes,
763 3449 918 3536 Domine,

354 3560 443 3630 Illud
464 3569 545 3631 tune
562 3561 579 3598 *
596 3563 701 3632 denus
720 3563 883 3653 imaginis

325 3711 327 3715 Α
352 3677 397 3746 Et
409 3675 521 3766 gloria
534 3677 552 3715 *
566 3677 814 3747 similitudinis.

308 3874 342 3941 6.
403 3872 467 3941 Vir
480 3873 641 3962 primum,
657 3874 740 3944 inde
756 3874 885 3945 leminn

395 3987 444 4058 De
462 3998 557 4059 costa
576 3990 641 4059 viri
665 3991 815 4074 condite,

353 4104 538 4195 Postquam
558 4106 661 4175 viro*
680 4125 783 4194 sopor
798 4105 1011 4191 immittitur,

344 4217 646 4290 ¹Sacramentum*
664 4238 918 4311 qunmngnum
938 4222 1087 4312 geritur.
