2992 5048
670 433 821 490 ..94-

211 560 264 626 vel
276 566 377 624 metro
391 557 627 638 compositoset
642 557 756 621 mehm
777 555 944 620 dulcedine
967 555 1111 621 conditos
1130 559 1285 640 appellari

212 666 308 731 etiam
323 664 474 748 hymnos,
493 663 589 744 juxta
609 662 715 745 ipsum
741 663 889 727 videlieet
911 663 1101 746 hymnorum
1127 664 1287 730 delinitio-

214 787 300 847 uem,
317 788 415 853 quam
429 768 463 832 in
481 767 675 849 praefatione
690 766 796 853 prima
811 767 976 849 posuimus
990 768 1052 850 (5),
1062 770 1106 848 At
1125 788 1199 834 cum
1216 772 1285 852 jam

215 875 330 958 psalmi
343 892 385 938 ex
399 874 545 938 Hebraeo
559 875 595 937 in
608 874 705 937 aliem
721 873 867 955 linguam
881 874 1025 937 translati
1039 892 1058 937 a
1074 875 1216 956 rhythmi
1234 875 1285 939 vel

214 979 306 1046 metri
317 981 384 1061 lege
400 977 496 1042 soluti
508 979 576 1042 sint
591 979 796 1061 (dhhencad
818 978 984 1061 Ephesios,
1003 978 1179 1062 quiGraeci
1196 988 1283 1060 sunt,

217 1087 379 1169 apostolus
404 1084 549 1149 scribens
576 1085 790 1166 separatimu
822 1085 956 1166 psalmis
982 1085 1117 1168 hymnos
1140 1086 1287 1151 distinxit

215 1189 298 1254 sicut
313 1196 345 1254 et
358 1187 490 1253 cantica.

256 1297 300 1360 De
311 1295 363 1360 his
378 1295 490 1378 itaque
500 1293 655 1379 quoniam
677 1301 822 1359 nostrum
847 1314 943 1378 saepo
968 1295 1172 1379 ingeniolum,
1190 1297 1285 1363 dilec-

215 1403 356 1468 tissimae
373 1402 495 1466 Christi
513 1400 613 1480 illiue,
633 1401 742 1465 multis
757 1404 908 1485 precihus
922 1403 1116 1486 pulsavistis,
1136 1404 1288 1469 addentes

215 1512 353 1593 insuper,
367 1510 486 1593 quihus
500 1509 659 1574 decausis
675 1507 707 1572 id
721 1510 939 1574 necessarium
951 1509 1040 1574 vohis
1054 1510 1208 1587 videatur,
1218 1530 1288 1576 res·

216 1622 284 1680 trae
292 1615 360 1696 jam
375 1614 530 1697 petitioni,
544 1620 638 1695 prout
660 1614 818 1677 Dominus
842 1616 1002 1692 annuerit,
1018 1624 1159 1698 exparte
1183 1617 1289 1698 paruis

222 1741 304 1786 mus.
319 1721 489 1804 Superiori
504 1738 641 1803 namque
667 1720 775 1784 lihello
802 1722 1006 1803 quotidianos
1026 1722 1175 1786 seriarum
1195 1723 1287 1806 hym-

217 1827 287 1907 nos,
299 1827 356 1910 qui
371 1827 430 1891 toti
447 1825 591 1891 sulficere
605 1826 729 1908 possint
745 1826 965 1892 hebdomadae
979 1827 1287 1909 comprehendimus.

221 1934 313 2011 Quos
341 1933 385 1997 ite
414 1933 606 2014 compositos
630 1951 699 1997 esse
732 1928 941 2015 cognoscatis,
980 1943 1016 1998 ut
1047 1936 1217 2017 bipartitus
1246 1937 1289 2000 sit

217 2059 328 2105 eorum
342 2048 457 2105 cantus
474 2041 555 2106 sicut
570 2047 601 2105 et
615 2039 771 2122 rythmus,
781 2047 814 2104 et
832 2041 874 2105 sit
887 2061 948 2106 una
965 2042 1111 2108 omnibus
1126 2045 1289 2109 nocturnis

217 2147 355 2212 melodia
367 2147 550 2212 communis
563 2155 659 2227 atque
682 2149 784 2211 altera
809 2149 936 2212 diurnis
958 2152 1039 2213 sicut
1057 2157 1088 2214 et
1103 2151 1285 2233 rhythmus.

221 2253 387 2336 Hymnum
409 2253 504 2317 etiam
529 2253 705 2335 gratiarum
733 2262 804 2335 post
834 2254 949 2336 epulas
975 2255 1199 2321 exsolvendum
1224 2276 1287 2321 non

220 2360 511 2440 praetermisimus,
528 2359 702 2424 secundum
730 2360 819 2441 quod
841 2362 873 2426 iu
903 2362 1065 2442 evangelio
1087 2363 1202 2444 scripto
1215 2372 1263 2428 est
1273 2385 1288 2446 ,ε

225 2463 355 2546 Hymno
365 2466 450 2530 dicto
463 2465 608 2530 exierunt
621 2464 676 2545 (7).

263 2570 391 2635 Ceteros
417 2590 492 2636 vero
522 2570 745 2652 suprapositos
775 2572 911 2653 hymnos
946 2574 1005 2636 hac
1041 2575 1289 2641 consideratione

222 2676 428 2758 digessimus,
444 2682 493 2754 ul,
514 2678 570 2759 qui
586 2679 732 2741 nocturni
751 2685 836 2755 sunt,
868 2697 997 2742 suerum
1022 2698 1113 2762 opera
1138 2680 1289 2745 feriarum

223 2781 419 2860 contineant,
460 2783 565 2847 diurni
584 2766 705 2846 saulem
743 2783 886 2864 ipsorum
926 2802 1056 2866 operum
1088 2786 1288 2868 allegoricam

222 2904 279 2950 seu
295 2887 450 2951 moralem
465 2887 694 2968 expositionem
710 2878 850 2950 tradant.
866 2890 971 2971 Atque
988 2890 1031 2953 ita
1046 2882 1162 2973 iactum
1177 2896 1236 2969 est,
1255 2898 1292 2955 ut

220 2992 401 3056 obscuritas
416 2993 568 3057 historiae
595 2993 689 3067 nocti,
712 2992 768 3056 lux
790 3012 865 3057 uero
889 2996 1096 3076 expositionis
1116 3003 1294 3060 reservetur

221 3097 295 3162 diei.
312 3138 314 3142 -
330 3097 482 3183 Superest
494 3099 534 3163 de
552 3104 654 3162 cetero
674 3099 788 3163 vestris
802 3118 854 3163 me
868 3102 1064 3167 orationihus
1079 3103 1235 3184 adjuvari,
1258 3110 1293 3168 ut

218 3207 366 3283 optatum
382 3204 473 3268 vohis
489 3202 717 3267 munusculum
736 3204 965 3270 transmittam.
