2992 5048
663 413 772 469 ...234
789 441 826 454 ..

247 535 351 594 cxxl.
367 563 401 574 -
413 536 446 601 B,
460 530 513 589 iol.
528 533 563 588 96
578 547 605 588 a.
625 532 830 612 -Lectiones
845 526 1031 586 variantes:
1049 525 1075 592 1,
1087 526 1114 595 1,
1132 526 1173 582 sit
1186 529 1298 598 Deus„

209 638 250 702 Bi
262 632 334 704 jure
348 630 487 688 ordinem
497 629 624 688 invertit
636 632 759 701 cousin,
771 630 804 688 in
819 627 902 687 enim
914 624 1052 695 rhythmi
1062 623 1141 681 ratio
1152 626 1282 684 suadet.

212 760 249 772 -
261 730 288 800 1,
311 730 340 798 2,
355 729 388 784 in
406 721 549 785 meritum
559 727 709 798 victoriis,
723 732 756 799 Β,
772 727 854 800 quod
869 725 992 782 nullum
1006 721 1131 779 omnino
1155 736 1289 781 sensum

212 822 313 880 hahet.
331 821 370 878 Se
389 821 457 891 ipsa
468 821 559 878 lectio
585 823 732 895 imponit:
749 826 933 894 rnortyrum
946 817 1105 886 victoriis;
1122 819 1172 876 hic
1199 821 1288 876 enim

214 920 262 976 est
275 932 401 976 sensus:
416 921 506 986 Deus,
518 919 592 975 licet
605 920 638 975 in
653 919 796 978 omnihus
809 918 922 976 sanctis
933 916 1083 973 mirabilis
1094 915 1144 986 sit,
1152 916 1187 972 in
1202 931 1290 974 mar·

213 1017 317 1086 tyrum
331 1018 434 1073 tamen
448 1014 586 1073 victoriis
601 1015 697 1074 etiam
720 1016 902 1074 mirabilior.
917 1043 954 1056 -
978 1015 1004 1083 l,
1020 1014 1048 1069 3.
1062 1013 1205 1071 Sericum
1232 1014 1288 1072 dat

213 1112 452 1204 feminisJBmhi
461 1113 607 1182 rhythmo
622 1114 805 1186 complendo
816 1127 880 1169 una
891 1111 1114 1183 syllahadeest,
1125 1125 1206 1182 quae
1223 1124 1289 1168 non

214 1207 275 1264 nisi
287 1211 316 1264 et
330 1206 449 1279 (etiam)
466 1222 534 1265 esse
544 1213 661 1282 potest;
673 1211 756 1268 ultra
770 1210 855 1268 enim
870 1209 1005 1278 assurgit
1013 1207 1169 1277 gradatloz
1188 1207 1290 1265 mira·

214 1298 286 1357 hilis
301 1300 381 1357 Deus
397 1299 429 1355 in
442 1301 566 1372 sanctis,
583 1303 754 1360 mirabilior
769 1302 802 1359 in
814 1300 1015 1373 martyribus,
1031 1301 1086 1358 sed
1100 1301 1175 1373 quid
1198 1301 1286 1374 quod

216 1397 311 1455 etiam
324 1397 450 1455 feminis
475 1399 554 1455 hanc
577 1401 629 1458 dat
650 1400 797 1458 victoriae
810 1397 970 1473 palmam!
985 1430 1023 1442 —
1043 1400 1070 1468 l,
1088 1401 1113 1467 4,
1129 1398 1290 1471 praeierat

217 1492 358 1562 gratiam,
378 1496 410 1563 Β,
436 1492 551 1551 lterum
578 1496 709 1553 rerhum
725 1495 978 1564 monosyllabum
991 1494 1095 1566 deest,
1109 1494 1193 1566 quod
1216 1494 1287 1552 lere

217 1604 287 1648 esse
301 1603 364 1646 non
373 1592 476 1660 potest
487 1590 548 1647 nisi
561 1592 659 1663 hanc,
676 1607 771 1665 quam
784 1592 931 1649 voculam
944 1592 1033 1648 uncis
1051 1591 1209 1648 inclusam
1220 1594 1290 1649 tex-

216 1684 262 1740 tui
276 1684 384 1754 adjeci.
397 1715 434 1724 -
449 1685 475 1749 1,
485 1686 513 1743 5.
530 1688 569 1744 Ut
585 1700 675 1743 serus
691 1689 748 1759 est,
764 1685 1290 1757 133tertiouniussyllahaevoxoe·

223 1780 386 1849 uideretur,
400 1780 432 1837 ni
446 1780 546 1852 fallor,
560 1798 639 1854 quo.

252 1878 433 1934 Adnotanda:
451 1880 477 1945 1,
493 1880 518 1935 l.
532 1883 581 1936 Ps.
592 1882 638 1950 67,
653 1881 698 1938 36.
711 1881 888 1939 communis
903 1883 951 1939 est
963 1881 1088 1952 lateque
1102 1880 1200 1951 repsit
1213 1879 1292 1936 haec

218 1973 440 2046 interpretatio,
457 1977 529 2032 licet
551 1977 679 2035 dicendo
695 1978 731 2034 in
746 1977 867 2034 sanctie
886 1993 948 2035 non
964 1980 1086 2035 sanctos
1102 1976 1157 2034 sed
1171 1979 1291 2047 sancta,

218 2071 367 2142 templum
378 2072 524 2129 videlicet
538 2076 569 2129 et
584 2077 876 2132 sanctasanctorum
890 2075 923 2130 in
937 2076 1040 2131 mente
1051 2072 1197 2130 hahuerit
1206 2072 1291 2143 psal·

220 2167 321 2223 mista.
338 2169 407 2238 lpse
418 2168 608 2238 Augustinus
623 2169 662 2226 (le
676 2170 774 2240 gloria
795 2173 972 2227 sanctorum
986 2171 1090 2227 locum
1105 2168 1292 2239 interpreta-

132 2265 134 2270 ’
220 2265 271 2320 tur
281 2266 388 2321 Enarr.
403 2265 437 2322 in
452 2268 500 2323 Ps.
515 2268 551 2322 67
569 2281 600 2322 n.
616 2267 652 2322 43
675 2281 768 2339 sqq..:
787 2271 884 2324 «Non
910 2267 994 2323 enim
1011 2267 1098 2323 solus
1121 2265 1228 2322 veniet
1251 2264 1295 2321 ad

217 2359 370 2431 judicium
382 2363 437 2420 sed
451 2376 520 2419 cum
533 2361 706 2421 senioribus
717 2364 899 2436 populi-sui,
910 2364 1022 2436 quihus
1036 2362 1190 2435 promisit,
1205 2360 1291 2434 quod

223 2456 375 2514 sedebunt
385 2471 479 2528 super
491 2459 578 2516 sedes
590 2459 768 2530 judicaturi,
785 2460 838 2532 qui
850 2460 942 2517 etiam
958 2461 1085 2530 angelos
1097 2458 1292 2529 judicabunt.

223 2553 288 2608 liae
305 2555 377 2608 sunt
391 2554 499 2611 nubes.
514 2555 652 2626 Denique
670 2570 710 2612 ne
725 2556 809 2613 aliud
823 2556 922 2613 nubes
944 2556 1183 2624 intelligeretur,
1199 2568 1294 2610 secu-

222 2648 273 2701 tus
298 2645 437 2716 adjunxit
452 2665 460 2704 ε
474 2647 634 2706 Mirabilis
660 2652 742 2707 Deus
767 2649 803 2706 in
826 2649 948 2706 sanctis
965 2649 1032 2705 suis
1047 2670 1073 2704 u.
1090 2679 1124 2692 --
1146 2649 1174 2719 3,
1192 2648 1206 2704 1
1222 2661 1292 2719 sqq.

224 2742 307 2796 Haec
331 2743 454 2813 poetica
492 2744 723 2819 circumlocutio
754 2745 959 2817 pulcherrimi
987 2745 1073 2800 illius
1097 2742 1160 2800 loci
1200 2743 1293 2800 Cant.

157 2845 159 2848 ’
223 2839 363 2910 8,3sqq.
378 2840 482 2897 Fortis
500 2845 543 2896 est
565 2845 602 2896 ut
630 2856 717 2898 mors
744 2841 882 2910 dilectio,
907 2843 996 2898 dura
1020 2839 1105 2897 sicut
1133 2837 1289 2908 infernus

222 2937 410 3007 aemulatio,
428 2939 593 3007 lampades
621 2941 688 3007 ejus
707 2940 875 3008 lampades
901 2936 986 3007 ipnis
1012 2941 1108 3008 atque
1135 2936 1297 3004 flamma·

221 3046 311 3087 rum.
329 3035 438 3104 Aquae
450 3036 570 3090 multoe
583 3037 815 3104 conpererant
827 3032 1031 3101 exstinquere
1046 3029 1219 3088 caritatem
1234 3043 1295 3085 uec

220 3127 362 3196 fiumina
377 3130 510 3184 obruent
531 3127 673 3184 illumn-
689 3129 717 3199 3,
730 3130 757 3185 5.
773 3127 1001 3184 Animadvertit
1016 3125 1148 3183 adhunc
1160 3136 1293 3180 versum

222 3225 328 3282 Pltra:
346 3244 358 3277 α
375 3226 421 3283 sic
433 3226 532 3283 Codex
543 3225 636 3290 ;iorte
656 3225 821 3295 legendum
844 3238 1020 3297 nunquam
1034 3242 1062 3278 ».
1080 3222 1173 3280 Recte
1189 3217 1294 3276 omni-

223 3336 263 3378 uo
286 3323 387 3381 codex
400 3343 409 3390 3
423 3337 531 3380 sensus
558 3322 641 3379 enim
666 3327 712 3381 est
728 3340 736 3378 ι
751 3327 816 3380 Νθθ
842 3327 891 3380 est
903 3335 1042 3395 unquam
1070 3331 1174 3388 sexus,
1189 3330 1296 3388 quan-

221 3422 410 3493 tumcunque
424 3421 463 3478 sit
476 3420 604 3492 fragilis,
620 3422 730 3480 debilis
744 3437 814 3480 cum
836 3422 903 3493 hae,
924 3421 1044 3480 scilicet
1059 3433 1130 3477 cum
1145 3416 1291 3486 caritate,

224 3517 251 3573 si
265 3519 375 3576 haheat
389 3522 556 3578 caritatem.

259 3619 380 3674 cxxii.
392 3623 425 3689 B,
437 3619 488 3679 iol.
504 3625 539 3680 96
549 3625 624 3681 b.-
634 3619 789 3677 Lectiones
801 3617 966 3675 variantes:
979 3618 1098 3683 Quanto
1109 3626 1236 3685 sponso,
1250 3613 1289 3667 B.

223 3741 257 3754 -
269 3714 297 3785 2,
307 3716 335 3784 6,
350 3715 441 3773 iucto.
461 3721 494 3774 Β.
507 3748 540 3762 -
551 3721 578 3786 3,
594 3719 620 3774 4.
635 3720 762 3790 Eiquae
776 3728 915 3779 coronas,
931 3712 1148 3783 B;rhythmus
1165 3710 1196 3765 et
1211 3721 1290 3765 sen-

224 3825 277 3869 sus
290 3815 498 3886 postularint
509 3818 665 3874 omittatur
679 3794 771 3888 quoe:
783 3844 819 3855 -
829 3814 856 3884 3,
869 3816 898 3871 5.
909 3814 1089 3871 Ceterarum
1104 3810 1161 3868 hoo
1181 3809 1231 3865 est
1248 3809 1272 3863 B
1287 3824 1298 3875 3

226 3907 281 3964 sed
292 3908 369 3965 haec
384 3923 478 3968 sensu
492 3915 624 3983 carent·

259 4005 431 4066 horconia
446 4025 453 4064 ε
467 4010 496 4079 2,
510 4011 537 4064 2.
552 4009 612 4066 Gir.
634 4012 731 4080 Apoc.
761 4008 805 4076 44,
820 4009 848 4064 4.
862 4037 901 4049 -
912 4008 940 4077 3,
957 4009 970 4063 4
987 4021 1055 4079 sqq.
1082 4006 1165 4061 llaec
1182 4014 1220 4057 ex
1236 4000 1291 4056 Ps.

224 4099 271 4167 ll,
287 4102 335 4160 10.
352 4133 389 4142 -
402 4104 429 4173 4,
444 4104 472 4160 6.
486 4107 568 4162 -Haec
583 4120 619 4162 ex
633 4103 767 4161 carmine
781 4102 951 4160 Salomonis
961 4098 1153 4173 alphabetico
1170 4095 1210 4152 de
1225 4107 1297 4151 mu-

226 4194 303 4262 liere
314 4196 397 4267 forti,
407 4202 497 4258 Pror.
513 4202 558 4271 31,
571 4201 608 4256 22
623 4217 631 4255 :
645 4201 871 4268 Streoulutum
884 4203 999 4256 vestem
1011 4196 1089 4268 fecit
1101 4191 1171 4263 sihi,
1189 4193 1301 4264 byssus

228 4297 258 4348 et
265 4309 426 4365 purpura
440 4296 666 4356 indumentum
677 4300 752 4367 ejus.
768 4299 884 4368 Byssus
910 4299 941 4354 et
953 4304 1095 4369 purpure
1120 4290 1299 4349 castitatem
