2992 5048
557 445 560 451 .
665 426 826 482 -ase-

214 544 409 617 perditionis,
424 545 473 602 ita·
482 545 580 602 Maria
592 545 661 604 fons
676 550 706 605 et
717 548 804 619 origo
817 549 1049 621 redemptionis.
1076 551 1155 609 Hinc
1187 555 1300 624 Augu·

218 642 318 700 stinus
339 659 346 699 :
364 643 469 709 «Quia
486 656 543 713 per
556 656 663 701 sexum
680 644 847 703 femineum
861 645 970 702 cecidit
988 645 1089 718 bomo,
1101 661 1160 718 per
1180 662 1298 708 sexum

218 739 384 797 femineum
398 743 559 812 reparatus
571 745 620 799 est
633 741 723 800 homo
738 745 874 800 ».·Serm.
888 742 952 813 338,
976 743 1009 799 in
1024 742 1133 802 ’11311113
1144 747 1293 805 Paschal.

218 837 246 893 3.
268 837 345 892 112.
371 835 467 904 Unde,
499 837 527 893 si
554 837 587 893 in
607 837 730 908 hymnis
755 838 940 911 quandoque
953 839 1173 898 ecclesiasticis
1188 843 1295 901 Maria

218 930 388 1002 reparatrix
401 930 453 987 vel
465 931 614 988 salvatrix
627 933 743 989 saeculi
756 933 878 1007 dicitur,
898 933 976 991 nihil
989 936 1047 1006 est,
1059 949 1115 992 cur
1132 935 1293 1006 ejusmodi

217 1025 312 1084 verba
323 1027 355 1082 in
370 1027 482 1084 maiam
495 1030 615 1098 partem
629 1028 868 1100 interpretantes
882 1029 920 1087 de
930 1028 1052 1087 haeresi
1066 1031 1118 1088 vel
1142 1031 1294 1092 idolatria

216 1125 453 1182 conclamemus.

252 1224 369 1280 CXXV.
382 1251 418 1262 —
431 1224 464 1292 B,
474 1221 529 1278 tol.
544 1221 625 1279 951.
639 1222 862 1279 -111113113
879 1239 886 1279 :
900 1223 928 1294 2,
943 1223 961 1279 4
975 1237 1024 1295 sq.
1045 1226 1151 1284 Fortes
1166 1225 1293 1282 scilicet

220 1317 324 1373 menie
336 1318 367 1372 ei
377 1314 503 1385 virtute,
523 1315 597 1372 licet
611 1329 687 1373 sexu
703 1315 830 1386 fragiles
852 1315 924 1373 sint.
939 1316 1044 1374 Simile
1059 1317 1134 1390 quid
1154 1318 1291 1376 innuere

222 1412 346 1485 ridetur
355 1411 556 1481 Augustinus,
572 1413 615 1468 lle
636 1411 748 1469 Genesi
763 1415 870 1470 contra
890 1413 1088 1471 Manichaeos
1101 1414 1124 1470 1.
1138 1415 1168 1485 2,
1183 1429 1211 1472 c.
1227 1415 1264 1472 13
1282 1430 1290 1469 :

224 1529 237 1565 ι
253 1510 381 1568 vocavit
393 1523 466 1579 ergo
477 1510 640 1568 mulierem
655 1503 743 1567 suam
758 1510 809 1567 vir
820 1512 977 1582 tamquam
990 1510 1093 1582 potior
1106 1510 1292 1576 inferiorem

218 1609 250 1663 et
263 1605 339 1664 dixit
354 1609 443 1663 :Hoc
458 1619 548 1662 nunc
563 1619 598 1663 os
619 1607 657 1661 de
682 1605 802 1664 ossibus
816 1605 894 1662 meis
908 1609 937 1662 et
951 1620 1031 1664 coro
1046 1607 1085 1663 dc
1099 1621 1201 1665 corne
1214 1622 1292 1666 mea

220 1705 304 1774 (Gen.
319 1703 347 1770 2,
362 1701 420 1771 23).
436 1699 473 1757 os
488 1702 524 1758 de
540 1700 655 1758 31111111
668 1702 798 1760 tortasse
811 1706 935 1774 propter
947 1702 1154 1761 tortitudinem
1170 1706 1202 1762 et
1214 1718 1291 1761 caro

218 1798 257 1855 de
279 1813 376 1855 carne*
388 1800 516 1870 propter
540 1798 816 1869 temperantiam».
836 1829 873 1838 -
887 1798 915 1869 3,
930 1800 948 1856 5
969 1812 1016 1869 sq.
1041 1800 1165 1855 Festum
1179 1798 1290 1856 matris

219 1896 336 1967 septem
369 1894 500 1950 iratrum
538 1893 791 1952 Maccahaeorum
826 1894 860 1951 in
894 1893 963 1966 ipsa
991 1896 1129 1952 Romana
1159 1894 1291 1965 liturgia

218 1993 318 2050 adbuc
341 1991 524 2049 celebratur.
552 1991 666 2049 Confer
679 1993 853 2063 Sermones,
873 2006 951 2063 quos
965 1991 998 2048 in
1016 1992 1127 2049 borum
1141 1992 1291 2050 solemni·

222 2092 285 2145 tate
309 2087 416 2145 habuit
442 2088 631 2158 Augustinus
657 2089 720 2157 (300
748 2092 779 2146 et
802 2089 879 2158 301),
897 2089 931 2145 in
951 2102 1084 2160 quorum
1107 2089 1213 2160 priore
1236 2089 1289 2147 his

217 2184 322 2242 verbis
346 2197 474 2240 exorsus
488 2199 524 2238 :c
552 2186 648 2241 Istum
662 2183 754 2254 diem,
784 2185 873 2241 nobis
902 2184 1071 2242 solemnem
1089 2185 1189 2254 gloria
1202 2187 1290 2243 Mae·

217 2281 422 2338 chabaeorum
447 2279 520 2336 lecit
535 2296 562 2349 1,
590 2279 666 2335 baec
687 2283 797 2351 postea
823 2278 948 2337 subdit:
963 2298 977 2334 a
993 2280 1091 2348 Unde,
1119 2281 1200 2339 sicut
1212 2281 1287 2353 dixi,

219 2378 403 2436 exstiterunt
418 2377 597 2448 prophetae,
612 2375 685 2432 inde
697 2376 751 2432 isti
774 2379 926 2446 martyres
939 2376 1124 2436 floruerunt.
1141 2378 1288 2436 Nondum

220 2475 344 2548 quidem
359 2477 425 2531 erat
438 2477 577 2531 mortuus
592 2473 742 2544 Christus,
759 2474 814 2532 sed
835 2477 985 2544 martyres
1005 2489 1058 2532 eos
1070 2474 1144 2532 iecit
1155 2475 1287 2531 moritu·

219 2586 274 2628 rus
296 2570 435 2628 cbristus
449 2588 474 2624 1.
490 2569 568 2638 -1,
588 2569 603 2624 1
626 2583 693 2640 sqq.
711 2569 886 2626 Notandum
896 2572 958 2655 uest,
983 2569 1188 2635 Abaelardum
1209 2568 1286 2626 reli·

219 2669 290 2741 quis
305 2667 448 2739 antiquae
471 2666 549 2736 legis
572 2665 695 2723 leminis
714 2663 959 2738 virginibusque
972 2667 1087 2723 sanctis
1098 2669 1170 2738 post
1183 2681 1287 2738 pauca

217 2767 313 2824 verba
333 2764 459 2834 relictis,
488 2763 603 2821 diutius
631 2763 736 2820 ethic
761 2765 793 2820 et
818 2763 1015 2836 insequenti
1039 2763 1153 2833 hymno
1165 2763 1199 2820 in
1219 2763 1286 2821 illia

214 2865 324 2936 Jephte
339 2861 577 2919 commendanda
590 2861 757 2918 immorari.
772 2865 881 2932 Neque
897 2861 929 2918 ld
943 2861 1066 2931 mirum,
1081 2876 1152 2920 cum
1164 2862 1286 2934 deipsa

213 2960 347 3030 lugubre
374 2959 579 3029 composuerit
607 2972 742 3026 carmen,
771 2959 898 3015 tertium
925 2959 1007 3015 inter
1037 2972 1090 3015 sex
1120 2957 1285 3016 Abaelardi

207 3058 367 3131 planctus,
384 3070 462 3128 quos
477 3071 514 3113 ex
528 3055 638 3112 Codice
652 3054 802 3112 Vaticano
815 3055 935 3125 primus
949 3055 1054 3112 Greitb
1069 3055 1284 3127 (spicilegium

212 3152 407 3220 Vaticanum,
423 3148 607 3207 Frauenield
627 3149 707 3217 1838,
734 3163 765 3221 p.
795 3150 858 3219 123,
884 3149 976 3221 sqq).
1000 3149 1179 3222 nuperrime
1206 3162 1284 3206 vero

213 3248 400 3306 wilhelmus
416 3250 522 3317 Meyer
544 3247 697 3319 Spirensis
717 3246 813 3304 edidit
836 3247 932 3318 (Petri
951 3245 1115 3304 Abaelardi
1137 3247 1284 3318 planctus

215 3345 371 3415 virginum
387 3345 484 3402 lsrael
505 3359 598 3417 super
611 3344 675 3402 tilia
693 3347 800 3416 Jeptae
824 3344 991 3402 Galaditae.
1013 3344 1256 3403 1111111311885
1273 3361 1282 3413 ;

217 3444 300 3501 Petri
313 3442 475 3501 Abaelardi
487 3445 629 3514 planctus
641 3444 663 3499 1.
681 3444 719 3498 ΙΙ.
737 3442 787 3499 lV.
803 3445 840 3499 V.
855 3444 906 3499 111.
924 3444 1079 3512 urlangen
1089 3443 1181 3511 1890).

252 3541 388 3598 (11111111.
405 3572 441 3580 -
454 3543 487 3609 Β,
502 3540 556 3597 sol.
572 3540 651 3597 8511.
669 3571 706 3581 -
718 3539 909 3597 Adnotanda:
924 3541 952 3609 2,
967 3537 995 3597 i.
1013 3541 1049 3597 ln
1062 3539 1157 3597 tiliam
1170 3539 1284 3611 Jepbte

216 3639 368 3696 convertit
391 3638 590 3704 Abaelardus,
612 3651 691 3709 quae
718 3651 755 3693 ex
775 3636 922 3706 Gregorio
941 3638 1095 3707 Theologo
1120 3624 1286 3706 desumpta

214 3738 333 3805 legerat
343 3735 375 3792 in
388 3735 544 3792 Breviario
557 3739 706 3793 Romano.
727 3737 808 3791 llaec
822 3734 905 3791 enim
919 3735 975 3791 ille
993 3735 1140 3792 orationis
1153 3733 1187 3790 in
1200 3737 1284 3792 Mac·

215 3834 421 3891 chabaeffl'illll
447 3833 539 3890 laude
565 3833 621 3890 sub
635 3831 772 3916 :initium
795 3849 802 3889 :
825 3840 878 3894 liat
896 3842 922 3894 οἱ
935 3842 986 3910 πρὸ
995 3849 1046 3895 τῶν
1060 3839 1175 3908 Χριστοῦ
1192 3845 1283 3892 παθῶν

214 3928 433 3997 μαρτυρήσαντες,
451 3929 478 3981 τί
501 3946 562 3982 ποτε
581 3929 681 3996 δράσειν
703 3928 805 3992 ἔμελλον
832 3928 894 3994 μετὰ
913 3930 1025 3997 Χριστὸν
1050 3928 1213 3992 eresippus,
1236 3927 1283 3980 καὶ

210 4018 253 4070 τὸν
270 4013 367 4069 turiseo
387 4017 449 4083 ὑπὲρ
462 4013 535 4082 ἡμῶν
562 4016 702 4082 porticvm
722 4017 827 4069 θάνατον
842 4031 849 4080 ;
865 4017 899 4070 Ol
920 4017 971 4086 γὰρ
989 4018 1070 4085 χωρὶς
1091 4015 1282 4081 ὓποδιὶγματος

210 4105 330 4158 τοιούτου
347 4112 466 4158 τοσοῦτοι
482 4101 526 4169 τὴν
541 4098 641 4170 ἀρετὴν,
654 4111 707 4163 πῶς
725 4097 772 4155 aba
785 4100 814 4154 dr
833 4105 953 4170 ὤφθησαν
968 4102 1143 4169 γενναιότιροι
1156 4099 1220 4167 pacit
1234 4109 1282 4155 τοῦ

209 4201 615 4268 δποδιὶγματοςκινδυνεύοντες;
630 4194 703 4263 -2,
728 4195 746 4249 5
771 4207 817 4265 sq.
837 4192 899 4251 Gfl‘.
916 4193 986 4252 Jud.
1003 4194 1047 4265 lt,
1073 4193 1109 4251 39
1129 4206 1176 4263 sq.
1193 4207 1200 4247 τ
1216 4192 1281 4248 Eo>-
