2992 5048
490 413 597 472 -135
618 442 650 456 -

525 640 633 710 LXIX

350 831 387 898 ln
411 849 516 897 sssno
539 829 796 899 Psnnncossss.

444 1023 477 1074 In
502 1024 512 1072 i
534 1023 692 1075 Noctuine.
790 1066 798 1073 ,,

174 1218 206 1284 1.
308 1214 472 1284 Adventu
492 1216 602 1286 saneti
626 1217 770 1306 spiritus

351 1335 470 1406 Nostri
484 1335 598 1419 cordis
618 1332 744 1403 altaria

312 1451 461 1534 Onnans,
484 1453 587 1536 Deus,
604 1448 796 1518 virtutibus

348 1567 399 1634 Tu
419 1566 482 1634 tibi
499 1565 624 1654 lempla
645 1562 778 1647 dedica,

216 1682 277 1750 Illo
295 1680 499 1769 septiformi,
517 1685 652 1768 *quem
670 1678 790 1763 hebes,
807 1677 920 1767 gratia

305 1796 434 1864 Contra
452 1801 584 1884 septem
600 1796 616 1832 *
635 1792 693 1862 iile
704 1792 898 1873 daemonia,

307 1910 413 1998 Cujus
427 1908 516 1977 done
533 1910 550 1946 *
567 1908 656 1977 hone
671 1914 752 1977 suni
771 1907 900 1976 omnia.

173 2111 205 2174 2.
304 2105 372 2173 Per
395 2103 553 2173 [imorem
572 2123 634 2171 nos
653 2100 789 2170 Domini
911 2191 913 2198 Ι

348 2220 503 2288 Primum
523 2239 542 2287 n
562 2218 649 2287 malo
661 2218 799 2306 liberet,

302 2335 349 2404 Ui
367 2353 500 2423 pauper
516 2333 623 2422 hujus
634 2333 765 2402 sneeuii

347 2449 487 2519 Coelum
504 2448 601 2518 dives
613 2449 779 2534 introeam

211 2567 263 2634 Tu
281 2564 371 2634 hano
391 2565 446 2650 da,
469 2563 622 2648 Domine,
642 2562 836 2631 *danobis
855 2564 1020 2655 gratiam,

301 2678 453 2746 Poenam
466 2676 536 2746 reis
553 2683 570 2719 *
588 2696 630 2744 ne
644 2675 770 2744 reddas
786 2676 942 2746 debitam

300 2792 368 2862 Sed
386 2792 515 2861 nomini
534 2799 550 2835 *
567 2811 629 2860 suo
648 2791 692 2858 de
711 2792 870 2881 gloriam.

168 2987 200 3053 3.
301 2985 348 3051 De
366 2985 505 3072 pietatis
524 2985 672 3069 viscera,

343 3098 394 3165 Ne
409 3107 548 3188 superet
562 3097 752 3186 temptatio,

300 3213 399 3282 Mites
417 3212 498 3283 iecit
514 3212 731 3302 haeegnaiie‚

340 3328 493 3404 Quorum
511 3333 602 3394 tenne
622 3326 806 3413 possessio.

208 3441 251 3509 Et
266 3441 354 3508 hene
372 3440 428 3523 de,
446 3440 599 3526 Domine,
620 3445 636 3481 *
654 3441 699 3508 da
717 3441 816 3511 nobis
831 3442 993 3532 gretiam,

296 3555 447 3623 Poenam
466 3555 534 3622 reis
550 3553 628 3623 *ne
646 3554 771 3625 reddes
780 3555 936 3625 debitam

292 3669 360 3739 Sed
375 3669 506 3737 nomini
523 3670 540 3706 *
558 3678 616 3739 tuo
635 3669 679 3739 da
702 3671 866 3762 gloriam.

160 3857 194 3924 4.
238 3837 239 3840 ¹
295 3857 448 3945 Apponis
466 3866 501 3928 et
519 3859 710 3944 scientiam,

338 3971 405 4041 Per
419 3994 524 4061 quem
541 3974 655 4042 sseoda
673 3976 925 4066 cognoscimus,

293 4089 489 4159 Consolenis
508 4110 570 4180 pen
587 4092 738 4173 veniam,

339 4205 432 4273 Cumw
451 4205 540 4274 hano
559 4207 667 4296 primo
683 4205 878 4276 fecerimus.
