2992 5048
584 443 727 498 „95-

603 594 710 662 XXX.

440 731 477 799 lu
497 734 712 802 errvirura
744 735 877 804 Douuu.

542 845 605 896 lnl
632 847 787 899 Nocturno.

241 1009 249 1026 .
307 958 422 1026 Verbo
440 959 587 1028 verbum
603 963 619 1000 *
633 962 737 1050 ¹virgo
756 961 964 1049 concipiens,

308 1075 358 1142 Ex
377 1095 414 1144 se
434 1095 537 1144 verus
555 1081 575 1118 *¹
589 1084 686 1145 ortus
706 1083 759 1146 est
777 1078 906 1159 orienS,

306 1193 337 1258 A
357 1211 425 1280 quo
443 1197 558 1260 vera*
576 1191 701 1261 diffusa
719 1193 860 1262 claritas

309 1306 759 1377 circumductas*abduxit
771 1308 946 1379 tenebras

242 1500 249 1514 .
306 1447 401 1516 Felix
419 1446 506 1533 dies,
526 1454 543 1489 *
561 1448 696 1517 dierum
715 1450 838 1538 gloria,

307 1562 421 1649 Hujus
439 1571 537 1630 ortus
553 1559 569 1596 *
584 1583 672 1652 quae
686 1562 773 1632 vidit
785 1564 923 1652 gaudia,

308 1677 403 1745 Felix
423 1676 576 1761 mater,*
595 1697 682 1766 quac
703 1678 811 1746 lleurn
828 1682 959 1768 genuit,

307 1791 403 1860 Felix
418 1792 529 1876 stella,
550 1788 566 1825 *
584 1812 671 1880 quae
690 1793 797 1860 solem
816 1794 958 1882 peperit.

246 1981 254 1999 .
314 1933 422 2010 Quam
438 1931 538 2000 beata
555 1938 572 1973 *
589 1935 719 2022 pauper
736 1953 918 2022 puerpera,

309 2047 416 2135 Cujus
432 2057 552 2136 partus
571 2054 587 2091 *
604 2047 728 2116 ditavit
746 2049 873 2131 omnia,
1001 2085 1004 2090 ·

308 2164 455 2252 Pauper,
476 2163 628 2250 inquam,
645 2161 734 2230 *sed
754 2146 845 2231 celsa
864 2183 991 2251 genere

304 2275 542 2345 Pontificum*
559 2285 593 2345 et
612 2298 734 2367 regum
752 2279 932 2368 sanguine.

242 2470 250 2486 .
306 2419 406 2488 Vitae
424 2419 516 2487 viam
534 2415 673 2485 *invia
691 2420 836 2508 peperit,

307 2536 502 2624 Hospitium
520 2535 537 2570 *
550 2554 617 2603 uon
638 2533 778 2602 domum
793 2535 926 2621 habuit,

305 2652 437 2740 Regum
454 2649 600 2739 proles*
617 2655 653 2716 et
671 2648 748 2717 coeli
769 2650 907 2719 domina

308 2768 376 2835 Pro
394 2765 540 2835 carueris
558 2765 732 2833 *intravit
748 2765 897 2834 stabula.

246 2961 254 2976 .
312 2907 520 2978 obstetrices
538 2907 554 2943 *
573 2908 608 2976 in
624 2915 726 2997 partu
741 2906 896 2992 deerant,

309 3022 376 3092 Sed
394 3023 507 3111 angeli
521 3030 538 3065 *
555 3041 616 3109 pro
636 3022 686 3088 eis
704 3021 860 3104 aderaut,
883 3091 886 3103 ,

222 3189 258 3223 „
311 3137 462 3214 Quorum
482 3135 626 3202 statim*
643 3134 769 3202 chorus
788 3154 857 3202 uon
876 3136 1010 3205 modica

307 3249 418 3336 Hujus
437 3252 568 3316 ortus*
586 3247 692 3315 edixit
705 3249 843 3336 gaudia.

241 3427 249 3458 ·.
305 3389 498 3458 Defuerunt
514 3386 700 3456 *fortassis
715 3387 851 3473 balnea,

305 3504 386 3590 Sed,
401 3525 505 3593 quam
518 3503 645 3588 lavent,
664 3502 681 3538 *
700 3523 767 3571 uon
787 3513 862 3574 erat
882 3507 1030 3593 niacula,

305 3619 381 3688 Non
404 3626 457 3688 est
477 3619 584 3702 dolor,
600 3618 616 3655 *
633 3637 737 3706 quam
756 3618 814 3687 illa
833 3622 1000 3706 relevent,

305 3736 377 3802 Nec
396 3735 560 3819 scissura,
579 3732 596 3767 *
613 3752 717 3822 quam
731 3732 789 3801 illa
805 3744 979 3826 reparent.

238 3925 246 3938 .
304 3875 343 3942 ln
363 3870 539 3945 excelsis*
560 3874 605 3940 sit
624 3873 693 3942 Deo
708 3873 828 3964 gloria,

302 3989 402 4058 Pacis
422 3987 523 4058 nobis
540 3985 557 4022 *
575 3988 609 4054 in
632 3992 725 4056 terra
742 3988 893 4077 foedera,

303 4106 411 4182 Quam
431 4123 536 4194 super
554 4103 746 4172 his*voces
764 4106 940 4194 angelicae

304 4219 512 4288 Decantassa
529 4215 546 4252 *
565 4222 755 4286 noscuntur
768 4215 881 4288 hodie.
