2992 5048
662 420 825 476 ..262-

209 551 247 610 ad
261 547 376 620 gratiae
404 530 518 601 statum‘
542 545 771 604 revertentibus
799 545 958 617 accipitur,
987 546 1040 601 aut
1064 544 1105 602 de
1128 548 1280 607 omnihus

210 662 266 706 seu
280 644 438 704 denatura
452 641 586 703 humana
601 655 618 698 a
633 641 697 699 tilio
710 643 764 701 Dei
780 643 930 715 quaesita,
946 642 1081 712 inventa,
1097 641 1281 718 redempta.

209 746 308 816 Atque
321 742 377 799 hoc
397 739 493 796 altero
510 738 599 796 modo
615 740 808 809 Augustinus
828 738 1008 812 parabolam
1025 739 1149 810 exponit
1165 742 1283 800 Enarr.

213 842 247 897 in
259 843 308 897 Ps.
325 838 387 908 113,
401 839 496 893 serm.
512 836 540 906 4,
553 837 634 903 n.2;
650 838 760 893 Enarr.
775 837 809 893 in
826 838 876 893 Ps.
890 836 952 900 138,
967 850 998 893 n.
1015 836 1062 893 14.
1088 839 1186 904 Quem
1203 840 1284 897 alte-

208 937 387 994 rumlocum
395 947 471 1018 prae
481 931 579 989 oculis
588 932 696 990 hahuit
705 936 899 991 Hermannus
912 933 1131 990 Contractusin
1143 947 1286 1008 sequen-

207 1033 251 1089 tia
265 1031 303 1089 de
318 1032 424 1087 sancta
440 1041 541 1101 cruce,
557 1043 627 1085 oum
642 1028 685 1086 ait
696 1044 726 1083 :‹
748 1030 801 1087 Dei
816 1029 913 1101 patris
928 1028 1108 1099 nate‚oujus
1118 1033 1167 1087 est
1177 1031 1284 1103 imago

208 1127 291 1198 regis
306 1129 336 1184 et
356 1124 587 1198 superscriptio,
603 1140 679 1197 qnae
694 1132 893 1195 1111111111,
910 1126 1063 1194 drachma,
1079 1141 1173 1198 quam
1190 1128 1284 1186 inve·

211 1223 329 1280 nisti».
355 1222 460 1291 iungit
482 1222 561 1279 hanc
593 1223 694 1281 ideam
715 1223 782 1295 (111.
800 1225 828 1294 3,
853 1225 866 1281 1
889 1224 967 1296 sqq.)
986 1223 1176 1282 abaelardus
1209 1239 1284 1284 cum

212 1321 317 1387 altera,
334 1331 446 1377 novem
459 1317 583 1376 ordines
596 1319 780 1388 angelorum
793 1333 906 1377 novem
920 1317 1082 1387 drachmis,
1098 1318 1204 1390 lapsos
1215 1319 1284 1391 spi-

212 1419 290 1476 ritus
306 1418 442 1477 decimae
456 1431 649 1489 comparans,
660 1418 711 1475 cui
725 1418 857 1476 amissae
867 1420 903 1474 nt
930 1417 1022 1475 aliam
1033 1417 1192 1474 inventam
1207 1417 1284 1474 suh-

214 1520 354 1577 stitueret
368 1517 500 1575 animam
513 1517 679 1575 humanam
692 1516 846 1590 quaesivit
861 1517 1005 1575 salvator.
1017 1516 1104 1576 Unde
1115 1516 1191 1573 haec
1205 1517 1285 1574 hau-

213 1614 297 1680 serit,
312 1613 425 1684 ipsein
444 1612 524 1670 lihro
537 1612 590 1668 Sic
603 1616 632 1668 et
651 1613 726 1670 Non
746 1628 771 1670 o.
788 1613 961 1683 1911111111,
978 1613 1031 1671 uhi
1044 1613 1087 1671 ait
1102 1629 1110 1669 :
1125 1631 1139 1668 1
1160 1616 1286 1684 Grego-

214 1710 280 1767 rius
296 1710 329 1765 in
344 1709 573 1767 nominasses
588 1710 708 1780 angelis
727 1727 735 1766 ε
752 1712 883 1767 «Decem
903 1726 979 1769 vero
997 1711 1158 1769 drachmas
1174 1710 1286 1769 hahuit

215 1807 336 1877 mulier,
353 1807 425 1878 quia
437 1821 548 1864 novem
559 1811 635 1864 sunt
650 1807 775 1865 ordines
788 1809 978 1878 angelorum.
992 1809 1051 1866 Sed
1064 1811 1100 1866 ut
1111 1809 1284 1880 complere-

215 1909 267 1961 tur
283 1905 450 1962 electorum
464 1919 624 1972 numerus,
638 1904 730 1962 homo
756 1905 892 1964 decimus
905 1908 954 1963 est
965 1909 1087 1964 creatus
1105 1926 1132 1962 o.
1146 1905 1234 1965 llnde
1249 1905 1285 1961 11

219 2004 342 2059 vetusto
353 2001 466 2072 hymno
481 2002 564 2074 apud
578 2002 718 2060 Munium
733 2004 756 2072 1,
772 2004 825 2060 439
837 2004 968 2074 legimus
985 2020 993 2060 :

342 2150 402 2200 Nos
415 2149 521 2214 stipsi,
534 2152 741 2210 massaterrae‚
754 2153 829 2202 sorte
841 2154 940 2203 sancta
949 2152 1050 2203 talium

345 2237 504 2301 Adjuuantc
519 2249 586 2302 rege
600 2250 713 2290 summo
728 2242 767 2288 tot
780 2238 893 2290 locandi
907 2239 1058 2300 credimur,

349 2324 419 2380 Quot
430 2323 573 2389 malignos
585 2323 750 2377 decidentes
757 2326 823 2377 aula
835 2327 907 2380 coeli
917 2326 1034 2394 depulit.

256 2469 325 2528 Alio
336 2474 439 2527 tamen
447 2471 480 2526 in
492 2471 560 2527 loco
573 2471 664 2528 aliam
673 2473 847 2545 opinionem
859 2472 995 2545 praefert
1003 2473 1085 2531 idem
1095 2473 1262 2544 Gregorius
1277 2488 1286 2540 ;

223 2575 266 2630 ita
279 2569 361 2627 enim
376 2569 457 2626 hom.
473 2571 506 2627 in
519 2583 567 2626 ev·
581 2574 610 2638 2,
625 2572 670 2638 34,
687 2572 722 2631 11
739 2589 746 2628 :
762 2589 775 2625 a
797 2574 935 2643 superna
949 2571 1004 2628 illa
1017 2571 1126 2627 civitas
1140 2586 1177 2628 ex
1191 2584 1289 2639 ange·

222 2670 262 2728 lis
277 2670 308 2724 et
321 2666 495 2725 hominihus
509 2668 638 2734 constat,
653 2668 690 2725 ad
706 2684 798 2740 qnam
815 2672 932 2726 tantum
946 2667 1098 2726 credimus
1113 2668 1288 2725 humanum

223 2779 321 2836 genus
336 2764 509 2829 ascendere,
525 2769 651 2836 quantos
664 2765 730 2821 illic
744 2766 871 2835 contigit
886 2766 999 2822 electos
1020 2764 1146 2833 angelos
1163 2778 1288 2822 reman-

222 2864 307 2931 sisse,
322 2864 402 2920 sicut
414 2863 562 2935 scriptum
576 2867 623 2920 est
638 2880 644 2918 :
660 2862 778 2919 Statuit
790 2861 1095 2932 terminospentium
1104 2863 1288 2918 secundum

221 2975 397 3017 numerum
411 2963 604 3030 1111111111
620 2963 722 3029 (hene,
734 2961 779 3028 32,
788 2961 815 3031 8)
829 2978 836 3029 ;
850 2964 938 3017 tanta
947 2959 1022 3016 illuc
1032 2972 1202 3017 ascensura
1215 2973 1285 3016 cre-

220 3058 302 3115 ditur
316 3057 478 3115 mnltitudo
496 3057 664 3125 hominum,
680 3060 790 3127 quanta
809 3056 973 3113 multitudo
990 3056 1137 3114 remansit
1156 3055 1289 3125 angelo·

222 3169 292 3212 rum
313 3172 338 3209 ›.
362 3157 541 3228 Opinionem
571 3157 641 3226 dixi,
677 3172 717 3215 ne
738 3157 918 3228 figmentum
938 3157 1082 3226 dicerem,
1105 3171 1177 3214 cum
1201 3157 1290 3215 omni

222 3253 420 3311 hundamento
443 3258 552 3312 eareat.
573 3284 610 3294 -
624 3257 653 3322 2,
674 3255 839 3311 1111111
857 3254 981 3312 ordines
1001 3254 1192 3324 angelorum,
1219 3268 1284 3326 quo

223 3353 312 3424 pacto
330 3350 448 3408 inventi
466 3350 537 3421 sint,
558 3351 639 3408 idem
656 3352 821 3422 Gregorius
845 3352 878 3408 11
902 3352 1008 3410 eadem
1020 3352 1147 3409 homilia
1168 3352 1289 3424 optime

225 3449 372 3520 exponit:
389 3467 401 3501 a
421 3452 538 3506 Novem
557 3451 736 3519 angelorum
755 3449 878 3506 ordines
893 3449 1032 3518 dicimus,
1049 3450 1122 3521 quia
1136 3449 1289 3507 videlicet

225 3559 295 3602 esse
307 3547 439 3601 testante
448 3559 533 3602 sacro
544 3546 665 3616 eloquio
681 3546 793 3603 scimus
808 3547 969 3616 :Angelos
979 3546 1199 3615 archangelos,
1211 3545 1285 3604 Vir·

223 3647 317 3712 tutes,
333 3645 511 3713 potestates,
527 3644 729 3715 principatus,
743 3645 980 3714 nominationes,
998 3646 1148 3712 Thronos,
1166 3645 1291 3702 cheru-

223 3739 287 3797 him
301 3745 392 3812 atque
403 3742 650 3813 Seraphimlisse
661 3757 793 3814 namque
801 3743 935 3812 Angelos
945 3745 976 3800 et
983 3743 1193 3813 archangelos
1203 3756 1291 3815 pene

223 3852 331 3897 omnes
347 3837 426 3895 sacri
446 3839 560 3909 eloquii
573 3840 703 3912 paginae
719 3842 890 3908 testantur;
912 3839 1076 3897 Cherubim
1095 3853 1171 3898 vero
1189 3840 1293 3912 atque

223 3939 382 4012 Seraphim
402 3953 504 4011 saepe,
527 3940 562 3995 ut
579 3941 684 3996 notum
699 3943 757 4010 est,
778 3939 849 3998 libri
862 3940 1084 4011 prophetarum
1094 3939 1285 4011 loquuntur.

222 4043 359 4108 Quatnor
377 4055 499 4113 quoque
517 4041 657 4099 ordinum
675 4042 799 4098 nomina
816 4040 931 4097 Paulus
950 4040 1108 4111 apostolus
1126 4039 1166 4097 ad
1186 4042 1292 4113 Ephe-

221 4137 285 4194 sios
303 4137 341 4207 (l,
361 4140 391 4206 2)
406 4141 566 4195 enumerat
578 4137 683 4195 dicens
700 4155 707 4192 ε
724 4141 835 4207 Supra
857 4150 987 4194 omnem
1005 4134 1236 4205 Principatum
1260 4143 1292 4194 et

221 4236 411 4292 Potestotem
426 4239 454 4291 at
472 4235 625 4293 Virtutem
639 4234 954 4294 abominationem.
975 4233 1032 4302 Qui
1045 4247 1156 4290 rursus
1175 4233 1213 4291 ad
1230 4235 1291 4292 Co·
