2992 5048
749 446 913 502 -102-

747 695 905 764 XXXVII

736 861 780 913 Ad
796 861 917 914 Laudes.

392 1088 422 1154 1.
477 1085 541 1164 Oui
560 1081 765 1176 baptimo*
783 1083 885 1152 nobis
899 1104 964 1153 suo

521 1199 640 1289 Aquas
659 1199 901 1285 sanctificavit,

478 1314 550 1382 Has
569 1313 604 1382 in
623 1333 758 1383 merum
775 1313 792 1350 *
809 1316 916 1385 vertit
937 1314 1054 1384 vinum

525 1429 570 1500 Et
583 1429 748 1500 convivas
765 1430 903 1501 refecit.

393 1653 427 1721 2.
483 1653 582 1722 Unda
599 1651 693 1722 clara
710 1661 727 1698 *
744 1653 817 1723 dias
835 1653 901 1723 ista

528 1766 644 1836 Primo
662 1769 752 1839 fastu
767 1768 975 1857 resplendet.

486 1884 560 1962 Qua
577 1903 640 1973 per
662 1891 759 1953 lanta
771 1885 788 1920 *
805 1884 934 1954 mundo
952 1885 1055 1976 signa

530 1998 649 2067 Mundi
663 1999 758 2067 salus
774 2007 927 2089 apparet.

399 2219 433 2286 3.
490 2215 542 2285 Na
560 2221 638 2306 post
656 2222 752 2285 tanta
769 2215 786 2252 *
803 2216 858 2285 vel
885 2217 1016 2305 maJ'ora

533 2331 640 2420 Signa
654 2330 763 2401 credit
780 2330 946 2412 Judaeus‚
1008 2337 1012 2343 ’

491 2447 599 2526 Quem
618 2445 784 2513 adunam
802 2443 818 2480 *
835 2446 953 2514 statim
967 2445 1103 2514 stellam

536 2559 728 2646 Requisivit
742 2557 947 2628 Chaldaeus.

404 2779 438 2848 [ι.
492 2779 670 2846 Elementa
686 2787 814 2846 *suum
832 2785 956 2847 cuncta

537 2894 796 2982 Recognoscunt
814 2900 1002 2976 auctorem,

494 3009 541 3075 Te
555 3026 619 3075 nec
636 3009 734 3096 signa
754 3013 771 3050 *
789 3025 851 3074 nec
869 3007 924 3075 lex
943 3007 1017 3096 ipsa

534 3121 684 3201 Movent,
704 3120 821 3205 miser,
839 3120 883 3190 ad
903 3121 1020 3189 fidem.

397 3345 432 3412 ὕ.
488 3342 524 3411 Si
539 3362 603 3411 neo
618 3342 727 3432 signis
744 3341 761 3378 *
779 3362 840 3411 nac
853 3343 1031 3433 prophetis

531 3457 724 3525 Arbitraris
742 3458 967 3546 credendum,

487 3572 593 3641 Exsul
608 3572 709 3660 longa
721 3573 738 3610 *
749 3572 869 3642 saltem
883 3592 992 3661 poena

531 3687 644 3755 Tuum
663 3685 756 3755 disce
775 3694 926 3756 reatum.

397 3910 432 3976 6.
488 3908 560 3976 Pax
578 3908 613 3976 in
628 3907 743 3992 torris,
762 3909 779 3944 *
796 3907 830 3975 in
851 3908 996 3979 excelsis

530 4021 583 4091 Sit
602 4020 723 4111 gloria,
741 4020 786 4090 sit
800 4040 948 4108 summa,

486 4137 572 4226 Regi
590 4155 736 4221 summa,
760 4137 777 4174 *
793 4137 894 4225 patri,
915 4139 1037 4226 verba,

535 4251 680 4343 Spiritui
699 4269 760 4340 par
779 4252 907 4321 saecla.
