2992 5048
595 829 710 897 Fenm
742 850 882 907 Quinam.

640 968 683 1021 nd
698 971 847 1035 vesperas.

208 1156 240 1223 t.
296 1155 344 1222 Ex
363 1156 461 1246 aquis
481 1155 581 1224 hodie
594 1160 611 1195 *
630 1157 790 1227 viventes
806 1159 943 1248 animas

295 1268 442 1339 Produei·
463 1269 580 1340 decuit
596 1271 825 1360 *scripturae
841 1275 989 1355 veritae,

295 1385 380 1464 Quia
399 1385 650 1475 baptismatis*
670 1388 814 1458 absente
833 1389 974 1457 lavaero

295 1498 429 1566 Morum
444 1519 511 1566 non
525 1499 653 1568 sufficit
669 1501 686 1538 ‘¹‘
705 1500 949 1570 catechizatio.

211 1711 243 1777 2.
299 1711 363 1778 Hie
376 1719 487 1779 mater
501 1711 641 1800 gratia*
657 1713 779 1803 sepelit
797 1721 969 1798 veterem,

301 1824 390 1892 Hine
404 1845 531 1893 nevum
543 1826 599 1915 pia
614 1826 710 1915 plebs
727 1827 744 1863 *
761 1828 905 1917 suscipit
924 1829 1112 1910 hominem,

302 1939 366 2016 Qui
385 1949 639 2010 sacramentum
652 1941 716 2010 hue
732 1943 748 1979 *
767 1944 899 2032 primus
919 1942 1093 2029 exhibuit,

301 2053 499 2124 Adventum
513 2055 648 2125 Domini
665 2056 681 2092 ’¹‘
696 2057 848 2147 baptista
860 2059 1053 2148 praevenit.

214 2276 246 2343 3.
307 2277 345 2343 In
368 2276 509 2365 quintae
529 2276 703 2345 mittitur*
723 2278 844 2347 aetatis
858 2284 1023 2366 tempore,

305 2391 450 2467 Quintae
470 2391 672 2481 mysterium
689 2395 706 2430 *
729 2393 789 2480 qui
809 2391 928 2480 pandit
947 2392 1070 2478 feriae,

306 2509 370 2586 Qui
384 2508 464 2577 finis
482 2509 669 2577 veterum*
684 2530 773 2577 nova
792 2510 851 2578 dat
877 2509 1031 2593 lavacra,

305 2621 633 2711 Quasi-produceret
650 2622 667 2658 *
687 2621 767 2690 hine
784 2622 989 2692 animantia.

218 2842 251 2909 li.
308 2843 458 2913 Perenni
477 2845 646 2913 Domino*
657 2863 780 2935 perpes
798 2809 985 2932 sit‘gtoria,

315 2958 367 3025 Ex
376 2978 445 3046 quo
455 2967 548 3043 sunt,
560 2980 623 3049 per
634 2966 835 3049 quemsunt‚
849 2959 913 3026 *in
927 2964 1084 3047 quosunt
1097 2951 1214 3025 omnia
1228 2969 1238 3022 t

309 3072 362 3140 Ex
379 3084 557 3162 quaeunt,
574 3083 671 3166 pater
689 3080 751 3158 est,
773 3071 789 3107 *
806 3093 869 3161 per
886 3094 989 3163 quem
1008 3079 1102 3158 sunt,
1124 3068 1232 3147 filius,

310 3189 354 3255 ln·
368 3208 437 3277 que
456 3198 549 3277 sunt,
570 3190 676 3282 patris
690 3188 753 3258 et*
772 3189 833 3256 filii
852 3189 1008 3277 spiritus.
