2992 5048
625 419 752 475 ..4-

156 543 337 634 deperditi,
351 562 370 610 a
384 542 538 612 clement
547 543 805 633 plangebantur
818 551 852 612 et
860 542 951 612 inter
961 563 1013 628 ea,
1030 565 1119 632 quae
1132 543 1222 614 desi-

159 658 379 742 derarentur,
395 656 487 724 Petri
507 665 731 726 monumenta
748 656 1088 726 connumerabantur
1103 659 1128 742 ¹,
1142 678 1223 728 cum

158 776 293 863 primus
317 773 404 840 duce
435 771 573 839 iortuua
593 772 629 840 iu
652 772 805 842 codicem
823 771 1083 841 Bruxellensem
1112 774 1225 842 10158

159 886 317 956 incidens
332 883 499 954 Oehlerus
524 885 560 952 in
581 886 772 975 nonaginta
793 893 866 954 tres
885 886 1095 975 hymnorum
1114 888 1226 957 Para-

159 999 355 1070 clitensium
375 998 559 1087 impegisse
573 1018 698 1067 nasum
714 998 962 1084 gratularetur.
995 999 1078 1068 Post
1097 1001 1227 1071 Oehle-

159 1137 238 1184 rum
253 1134 362 1203 pauca
381 1133 423 1182 ex
441 1112 562 1181 eodem
599 1113 719 1182 codice
738 1113 866 1204 publici
884 1115 976 1201 juris
1008 1114 1166 1184 lecerunt
1183 1117 1225 1184 E.

159 1229 311 1302 Gachet²
345 1236 377 1298 et
394 1230 433 1298 Ε.
456 1228 501 1298 du
522 1229 620 1298 hlc'ril
633 1227 663 1315 ³,
678 1237 923 1299 omnestamen
935 1251 976 1298 ex
990 1231 1111 1300 ordine
1130 1231 1227 1320 hym-

159 1367 221 1416 nos
236 1347 369 1436 primus
389 1366 430 1412 ex
467 1343 605 1413 Oehleri
637 1345 836 1435 apographo
850 1366 929 1414 cum
963 1346 1079 1414 codice
1100 1348 1226 1415 iterum

159 1461 281 1530 collato
302 1458 410 1528 edidit
427 1459 545 1529 Victor
559 1460 688 1529 Cousin
703 1458 729 1527 ²¹.
747 1460 856 1537 Quem
876 1466 996 1550 postea
1015 1467 1155 1528 secutus
1174 1462 1228 1529 est

159 1564 478 1648 clarissimusPitra
493 1597 512 1644 e
530 1577 693 1666 religiosa
713 1575 987 1645 Solesmensium
1005 1576 1149 1662 familia,
1166 1575 1226 1666 qui

160 1692 332 1762 Bruxellis
362 1691 571 1779 aliquamdiu
605 1699 837 1761 commoratus
861 1712 987 1759 novam
1007 1711 1152 1780 eamque
1184 1693 1220 1759 in

162 1806 374 1897 quibusdam
411 1806 512 1894 paulo
544 1806 794 1876 accuratiorem
826 1805 1013 1875 editionem
1042 1807 1219 1890 iustruxit,

163 1942 254 2012 quae
273 1921 624 2008 Patrolograecursus
643 1922 801 2010 completi
813 1928 904 1990 tomo
925 1921 989 1991 178
1008 1921 1139 1991 inserta
1157 1930 1227 1991 est.

168 2037 297 2107 Omnes
324 2045 437 2106 tamen
470 2056 538 2104 uno
577 2037 692 2106 Codici
724 2037 937 2106 bruxellensi
974 2037 1226 2122 innitebantur,

168 2173 272 2242 quem
286 2172 348 2220 nec
359 2150 453 2220 vitiis
473 2171 591 2219 carere
606 2171 669 2218 nec
683 2169 802 2219 omnes
821 2152 960 2218 omnino
971 2151 1116 2240 hymnos
1135 2172 1225 2220 corn·

170 2269 277 2358 plecti
297 2286 400 2335 nemo
414 2274 499 2352 crat,
537 2265 597 2355 qui
616 2265 823 2356 ambigeret.
846 2266 927 2334 Post
942 2267 1129 2354 nonaginta
1161 2274 1231 2336 tres

167 2384 276 2470 euim,
306 2382 350 2451 de
384 2381 513 2471 quihus
550 2380 760 2467 monuimus,
791 2381 936 2468 hymuos
973 2384 1087 2469 quarti
1108 2383 1230 2450 infine

171 2499 358 2569 voluminis
373 2496 469 2565 initia
486 2496 729 2584 reperiuntur;
750 2496 785 2562 iu
804 2496 1015 2585 praelatione
1034 2518 1117 2571 vero
1137 2499 1229 2567 tertii

170 2613 280 2682 libelli
299 2611 508 2701 hymnorum
525 2610 683 2699 (totidem
702 2612 794 2677 enim
812 2610 967 2679 seriebus
987 2623 1019 2680 et
1032 2614 1130 2700 quasi
1149 2614 1229 2702 qui-

168 2727 319 2798 busdam
337 2725 509 2817 capitibus
541 2725 694 2794 distincti
722 2725 816 2813 sunt)
836 2725 989 2814 quinque
1007 2747 1045 2795 se
1067 2725 1111 2795 de
1126 2746 1228 2797 cruce

169 2846 316 2934 hymnos
332 2840 526 2912 condidisse
543 2849 664 2910 auctor
681 2846 841 2924 testatur,
858 2848 1007 2928 quatuor
1026 2848 1158 2910 tantum
1172 2843 1226 2912 vel

170 2959 284 3028 trihus
299 2958 334 3024 iu
354 2955 471 3025 codice
491 2953 728 3044 deprehensis.

214 3075 309 3151 Quae
327 3091 407 3139 cum
425 3069 471 3139 ita
492 3069 574 3153 sint,
596 3068 723 3137 mirum
735 3073 828 3136 certe
843 3068 1030 3156 videbitur,
1053 3072 1226 3141 neminem

168 3186 283 3254 adhuc
302 3185 414 3270 alteri,
435 3184 493 3272 qui
511 3181 636 3252 horum
674 3183 879 3270 hymnorum
918 3204 1104 3253 numerum
1133 3187 1226 3256 haud

169 3300 406 3392 spernendum
436 3303 600 3386 continet,
621 3297 729 3367 codici
753 3298 789 3364 in
817 3297 1025 3370 bibliotheca
1062 3300 1228 3370 Calmon-

166 3426 250 3486 tana
270 3422 447 3484 asservato
478 3414 632 3484 studium
654 3412 872 3504 applicuisse.
894 3413 1000 3502 quue
1030 3435 1071 3483 eo
1104 3418 1226 3506 magis,

198 3661 222 3711 1.
240 3662 364 3712 flistoire
381 3659 515 3712 litterali-c
527 3657 562 3711 da
576 3658 604 3710 la
616 3659 732 3720 F'rance,
747 3658 808 3720 xli,
818 3657 871 3709 135.

195 3747 219 3798 2.
238 3749 337 3801 Notica
356 3759 407 3799 sur
429 3759 469 3798 un
484 3745 643 3798 manuscrit
662 3744 696 3796 da
716 3744 744 3795 la
765 3743 961 3811 bibliotheque
981 3745 1086 3812 royale.
1100 3747 1229 3811 Comple-

164 3837 255 3889 rendu
267 3837 317 3889 des
328 3835 446 3888 stannes
458 3835 527 3889 dela
539 3834 723 3888 commisston
736 3834 832 3900 royale
842 3836 996 3898 dhistoire,
1007 3838 1099 3901 t.V,p.
1111 3836 1156 3888 130
1168 3849 1229 3903 sqq.

163 3925 313 3979 Bruxelles
328 3925 398 3977 1842.

193 4011 218 4066 3.
236 4011 353 4065 Podsres
364 4013 525 4079 populaires
534 4011 638 4063 latines
648 4011 686 4063 du
699 4011 975 4079 moyen-dgeParis,
987 4013 1056 4075 test,
1068 4014 1149 4081 p.t39
1162 4029 1227 4084 sqq.

192 4102 217 4152 t.
235 4101 312 4153 Petri
326 4101 477 4154 abaelardi
491 4113 584 4168 opera,
598 4100 739 4180 hactenus
759 4101 881 4153 seorsim
907 4102 990 4165 edita,
1008 4117 1086 4156 nunc
1106 4105 1230 4170 primum

161 4192 193 4242 in
207 4204 297 4243 unum
312 4190 461 4259 collegit...
473 4192 509 4244 V.
525 4188 633 4243 cousin
647 4188 797 4254 adjurante
812 4190 845 4245 C.
860 4191 1008 4244 tourdaiu.
1026 4193 1156 4257 Parisiis,
1169 4194 1230 4246 1849

161 4283 190 4333 et
203 4278 277 4332 1859.
