2992 5048
712 455 856 512 -19...

251 574 432 645 concedes.
468 575 594 666 Hymni
627 576 719 645 enim
751 578 903 670 liturgici
935 599 1066 664 omnes,
1098 581 1315 670 paucissimis

253 691 418 779 exceptis,
438 692 495 780 qui
516 690 624 760 latum
642 712 745 760 usum
764 714 832 763 non
847 702 930 764 sunt
948 683 1214 785 acepitiisdom
1241 696 1314 768 fare

256 806 389 882 metris,
427 804 657 874 Ambrosianc
688 806 860 883 videlicet,
895 813 1094 878 tetrametro
1127 809 1310 894 trochaico,

251 918 481 1009 Asclepiadeo
500 920 612 1005 tertio,
644 921 823 989 rarissime
842 931 977 1012 quarto,
1003 923 1156 1010 jambico
1174 927 1313 996 senario

256 1034 456 1106 decurrunt.
477 1037 591 1125 Atque
623 1035 658 1104 id
691 1042 886 1126 propterea,
916 1038 1008 1128 quod
1036 1038 1237 1130 plerumque
1269 1041 1314 1109 ad

252 1149 408 1220 modulos
423 1149 571 1220 musicos
587 1151 733 1220 alterius
753 1151 884 1242 hymni,
906 1152 965 1243 qui
980 1153 1217 1224 condebantur
1235 1157 1314 1224 novi

253 1268 512 1356 adaptarentur.
544 1266 763 1337 Abaelardus
800 1288 884 1337 vero
913 1290 932 1338 e
960 1271 1079 1338 metris
1108 1269 1314 1360 hymnorum

251 1382 417 1472 antiquis,
440 1383 468 1450 si
484 1381 652 1472 hymnum
667 1382 710 1450 de
722 1390 843 1451 sancto
859 1383 1042 1452 Benedicta
1057 1391 1173 1474 utpote
1187 1383 1314 1454 dubiae

251 1498 467 1568 auctoritatis
486 1499 729 1587 relinquimus,
749 1499 816 1567 tria
839 1505 974 1567 tantum
993 1500 1142 1581 admisit,
1165 1501 1314 1569 hmbro·

252 1613 389 1681 sianum
409 1612 464 1682 his
496 1613 531 1679 in
552 1613 692 1702 hymnis
711 1612 754 1681 de
773 1615 1047 1702 praesentatione
1066 1615 1199 1683 Domini
1218 1623 1252 1685 et
1271 1616 1314 1685 de

254 1736 371 1798 sancto
388 1727 561 1816 Dionysio,
584 1725 797 1796 trochaicum
817 1729 922 1798 semel
941 1730 975 1796 in
991 1729 1127 1819 hymnis
1141 1731 1184 1800 de
1204 1753 1314 1821 ange-

253 1839 308 1928 lis,
336 1851 446 1933 atque.
460 1851 608 1912 metrum
637 1842 722 1910 illud
741 1843 916 1933 singulare
947 1843 1135 1934 incertique
1153 1846 1311 1936 originis,

254 1957 347 2046 quod
381 1958 508 2048 hymno
538 1960 606 2026 Aue
637 1960 744 2026 mous
773 1958 867 2040 stello
898 1966 950 2029 cst
980 1960 1171 2049 proprium,
1205 1961 1312 2031 semel

256 2073 371 2159 etiam,
387 2072 420 2140 in
444 2071 580 2162 hymnis
598 2073 727 2144 scilieet
741 2074 867 2142 Beatae
885 2074 1013 2144 Mariae
1032 2076 1152 2145 sacris.
1169 2077 1311 2146 Praeter

254 2189 339 2256 haec
357 2195 516 2277 quartum
533 2189 682 2257 occurrit
701 2195 861 2270 metrum,
879 2190 971 2279 qnod
990 2191 1053 2259 etsi
1068 2191 1156 2259 sorte
1170 2191 1214 2259 ab
1230 2212 1312 2260 aue·

254 2310 328 2371 tore
347 2300 520 2370 anteriore
538 2302 573 2368 in
595 2301 731 2390 hymnis
750 2299 920 2389 liturgicis
939 2310 1142 2391 usurpatum
1164 2323 1231 2371 non
1251 2303 1308 2385 sit,

249 2418 386 2506 abipso
420 2425 534 2485 tamen
563 2414 759 2483 Ahaelardo
791 2415 971 2485 inuentum
1002 2436 1078 2485 essa
1111 2417 1242 2506 nequit.
1260 2417 1310 2485 De

251 2539 359 2601 metro
381 2532 467 2613 dieo,
484 2530 575 2619 quod
589 2530 727 2618 hymnis
745 2530 846 2618 primi
865 2530 972 2598 libelli
998 2531 1146 2616 diurnis,
1168 2532 1317 2621 hymnis¹

249 2648 292 2716 de
312 2647 425 2716 triduo
445 2666 544 2715 sacro
559 2645 669 2734 deque
685 2646 815 2714 sanctis
826 2646 1008 2734 Aigulpho‚
1026 2646 1222 2729 Eustochio,
1239 2647 1307 2715 Gil-

248 2764 293 2832 da
312 2763 479 2845 adhibuit,
513 2761 673 2851 quodque
693 2781 734 2828 ex
753 2760 976 2849 Asclepiadeo
995 2761 1190 2830 derivatum
1209 2769 1244 2831 et
1263 2763 1306 2830 ad

253 2887 452 2948 accentuum
473 2897 624 2945 normam
639 2877 858 2944 immutatum
872 2881 936 2944 est.
955 2876 1098 2964 Reliqua
1119 2887 1228 2945 metra
1244 2898 1305 2946 nu·

253 3013 347 3061 mero
365 2992 621 3081 quatuordeeim
634 3010 701 3057 non
713 2990 969 3080 sclumhymnis
987 2990 1144 3060 adhibuit
1157 2993 1306 3082 primus,

251 3106 311 3176 sod
331 3106 462 3174 invenit
475 3106 590 3184 etiam,
607 3104 661 3172 sin
675 3104 790 3172 nrinus
807 3104 921 3171 omnia
940 3110 976 3173 at
991 3111 1084 3172 certe
1099 3125 1166 3173 non
1180 3127 1303 3195 pauca.

253 3223 399 3290 Maxime
418 3228 527 3289 artem
559 3219 714 3288 redolent
742 3228 851 3288 metra
870 3218 1078 3308 hymnorum
1112 3220 1304 3302 Paschatis,

252 3337 481 3420 Pentecostes,
502 3335 704 3424 Martyrum,
727 3333 981 3418 Coniessorum,
1004 3333 1199 3423 Virginum,
1216 3335 1308 3404 inter

252 3470 340 3539 quac
351 3450 485 3538 primus
504 3448 604 3518 locus
618 3448 755 3539 hymnis
785 3447 827 3514 de
844 3448 1055 3537 llartyrihus
1075 3449 1128 3516 uel
1146 3448 1222 3517 ideo
1241 3449 1308 3516 tri-

250 3560 423 3640 buendus,
444 3559 535 3648 quod
555 3559 699 3627 sormam
720 3559 812 3627 illam
841 3557 1061 3647 strophicam‚
1083 3578 1188 3647 quam
1218 3556 1308 3629 Lais

250 3683 373 3745 uocant
393 3676 428 3742 in
448 3673 653 3764 hymnorum
673 3675 825 3743 earmina
844 3675 1071 3760 invexerunt;
1101 3674 1155 3741 cui
1175 3674 1308 3743 formae

249 3787 334 3856 illud
354 3795 406 3856 est
424 3787 615 3877 proprium,
632 3786 721 3875 quod
735 3806 796 3875 per
809 3786 934 3854 seriem
953 3785 1173 3874 stropharum
1188 3784 1308 3854 diver-

248 3920 365 3969 sarum
385 3900 505 3969 eodem
526 3899 580 3968 bis
599 3899 718 3967 ordine
733 3919 870 3967 carmen
887 3899 1058 3967 decurrat.

291 4017 386 4094 Quae
403 4036 482 4084 eum
501 4015 549 4084 ita
568 4016 650 4101 sint,
672 4014 793 4082 mirari
813 4017 896 4084 satis
921 4036 988 4084 non
1008 3993 1161 4103 possum,
1188 4015 1307 4085 ithae-

247 4131 397 4216 lardum,
424 4138 591 4218 quantum
616 4132 650 4196 in
679 4128 866 4197 condendis
886 4130 1006 4198 metris
1025 4130 1187 4198 omnibus
1206 4134 1307 4194 ante-

247 4247 358 4333 cellat,
380 4246 528 4315 tantuin
552 4245 714 4314 versibus
739 4252 973 4331 tnnc-‚elstrae
1001 4243 1211 4314 adornandis
1229 4261 1312 4310 essa
