<?xml version="1.0" encoding="UTF-8"?>
<!DOCTYPE html PUBLIC "-//W3C//DTD XHTML 1.0 Transitional//EN"
    "http://www.w3.org/TR/xhtml1/DTD/xhtml1-transitional.dtd">
<html xmlns="http://www.w3.org/1999/xhtml" xml:lang="en" lang="en">
 <head>
  <title>
</title>
<meta http-equiv="Content-Type" content="text/html;charset=utf-8" />
  <meta name='ocr-system' content='tesseract 3.04.00' />
  <meta name='ocr-capabilities' content='ocr_page ocr_carea ocr_par ocr_line ocrx_word'/>
</head>
<body>
  <div class='ocr_page' id='page_1' title='image "./petriabaelardip00abelgoog_0282.png"; bbox 0 0 2992 5048; ppageno 0'>
   <div class='ocr_carea' id='block_1_1' title="bbox 214 402 1284 605">
    <p class='ocr_par' dir='ltr' id='par_1_1' title="bbox 214 402 1284 605">
     <span class='ocr_line' id='line_1_1' title="bbox 669 402 831 459; baseline 0 -14"><span class='ocrx_word' id='word_1_1' title='bbox 669 434 707 445; x_wconf 85' lang='lat'>-</span> <span class='ocrx_word' id='word_1_2' title='bbox 723 402 777 459; x_wconf 66' lang='lat'><strong>257</strong></span> <span class='ocrx_word' id='word_1_3' title='bbox 794 433 831 445; x_wconf 85' lang='grc'><strong>.-</strong></span> 
     </span>
     <span class='ocr_line' id='line_1_2' title="bbox 214 523 1284 605; baseline -0.007 -16"><span class='ocrx_word' id='word_1_4' title='bbox 214 532 314 605; x_wconf 90' lang='lat' dir='ltr'><strong>ipsius</strong></span> <span class='ocrx_word' id='word_1_5' title='bbox 349 529 429 588; x_wconf 90' lang='lat' dir='ltr'><strong>illud</strong></span> <span class='ocrx_word' id='word_1_6' title='bbox 457 532 505 587; x_wconf 89' lang='lat' dir='ltr'><strong>est</strong></span> <span class='ocrx_word' id='word_1_7' title='bbox 530 529 683 587; x_wconf 79' lang='lat' dir='ltr'>Ambrosii</span> <span class='ocrx_word' id='word_1_8' title='bbox 717 530 749 586; x_wconf 90' lang='lat' dir='ltr'><strong>in</strong></span> <span class='ocrx_word' id='word_1_9' title='bbox 780 528 910 602; x_wconf 83' lang='lat' dir='ltr'><strong>primam</strong></span> <span class='ocrx_word' id='word_1_10' title='bbox 936 525 974 584; x_wconf 93' lang='lat' dir='ltr'><strong>ad</strong></span> <span class='ocrx_word' id='word_1_11' title='bbox 998 523 1183 582; x_wconf 87' lang='lat' dir='ltr'><strong>Corinthios.</strong></span> <span class='ocrx_word' id='word_1_12' title='bbox 1216 527 1284 581; x_wconf 87' lang='lat' dir='ltr'><strong>Non</strong></span> 
     </span>
    </p>
   </div>
   <div class='ocr_carea' id='block_1_2' title="bbox 215 620 1293 2648">
    <p class='ocr_par' dir='ltr' id='par_1_2' title="bbox 215 620 1286 974">
     <span class='ocr_line' id='line_1_3' title="bbox 215 620 1286 698; baseline -0.007 -12"><span class='ocrx_word' id='word_1_13' title='bbox 215 630 349 686; x_wconf 88' lang='lat' dir='ltr'><strong>diceret:</strong></span> <span class='ocrx_word' id='word_1_14' title='bbox 379 630 496 685; x_wconf 90' lang='lat' dir='ltr'><strong>Bonum</strong></span> <span class='ocrx_word' id='word_1_15' title='bbox 509 630 557 684; x_wconf 89' lang='grc'><strong>331</strong></span> <span class='ocrx_word' id='word_1_16' title='bbox 583 627 733 698; x_wconf 85' lang='lat' dir='ltr'><strong>innuptis,</strong></span> <span class='ocrx_word' id='word_1_17' title='bbox 747 630 783 684; x_wconf 93' lang='lat' dir='ltr'><strong>ut</strong></span> <span class='ocrx_word' id='word_1_18' title='bbox 809 626 872 683; x_wconf 90' lang='lat' dir='ltr'><strong>sint</strong></span> <span class='ocrx_word' id='word_1_19' title='bbox 895 624 1016 682; x_wconf 87' lang='grc'><strong>3133131</strong></span> <span class='ocrx_word' id='word_1_20' title='bbox 1030 634 1097 690; x_wconf 91' lang='lat' dir='ltr'><strong>ego,</strong></span> <span class='ocrx_word' id='word_1_21' title='bbox 1114 620 1174 677; x_wconf 88' lang='lat' dir='ltr'><strong>nisi</strong></span> <span class='ocrx_word' id='word_1_22' title='bbox 1202 623 1286 678; x_wconf 87' lang='lat' dir='ltr'><strong>esset</strong></span> 
     </span>
     <span class='ocr_line' id='line_1_4' title="bbox 215 715 1286 793; baseline -0.004 -14"><span class='ocrx_word' id='word_1_23' title='bbox 215 725 336 793; x_wconf 76' lang='lat' dir='ltr'><strong>integer</strong></span> <span class='ocrx_word' id='word_1_24' title='bbox 350 736 499 793; x_wconf 90' lang='lat' dir='ltr'><strong>corpore;</strong></span> <span class='ocrx_word' id='word_1_25' title='bbox 526 736 582 780; x_wconf 89' lang='lat' dir='ltr'><strong>nee</strong></span> <span class='ocrx_word' id='word_1_26' title='bbox 597 722 734 780; x_wconf 90' lang='lat' dir='ltr'><strong>diceret:</strong></span> <span class='ocrx_word' id='word_1_27' title='bbox 751 725 861 780; x_wconf 89' lang='lat' dir='ltr'><strong>Omnes</strong></span> <span class='ocrx_word' id='word_1_28' title='bbox 882 718 1021 778; x_wconf 87' lang='lat' dir='ltr'><strong>homines</strong></span> <span class='ocrx_word' id='word_1_29' title='bbox 1048 715 1191 774; x_wconf 81' lang='lat' dir='ltr'><strong>volebam</strong></span> <span class='ocrx_word' id='word_1_30' title='bbox 1215 731 1286 775; x_wconf 88' lang='lat' dir='ltr'><strong>csse</strong></span> 
     </span>
     <span class='ocr_line' id='line_1_5' title="bbox 218 801 1284 890; baseline -0.004 -16"><span class='ocrx_word' id='word_1_31' title='bbox 218 820 298 882; x_wconf 79' lang='lat' dir='ltr'><strong>sicut</strong></span> <span class='ocrx_word' id='word_1_32' title='bbox 312 819 474 890; x_wconf 89' lang='lat' dir='ltr'><strong>meipsum.</strong></span> <span class='ocrx_word' id='word_1_33' title='bbox 492 818 522 874; x_wconf 85' lang='lat' dir='ltr'><strong>Si</strong></span> <span class='ocrx_word' id='word_1_34' title='bbox 537 818 619 876; x_wconf 87' lang='lat' dir='ltr'><strong>enim</strong></span> <span class='ocrx_word' id='word_1_35' title='bbox 633 818 741 875; x_wconf 87' lang='lat' dir='ltr'><strong>habuit</strong></span> <span class='ocrx_word' id='word_1_36' title='bbox 769 830 894 876; x_wconf 82' lang='lat' dir='ltr'><strong>uxorem</strong></span> <span class='ocrx_word' id='word_1_37' title='bbox 910 819 940 873; x_wconf 89' lang='lat' dir='ltr'><strong>et</strong></span> <span class='ocrx_word' id='word_1_38' title='bbox 953 816 1010 871; x_wconf 91' lang='lat' dir='ltr'><strong>hoc</strong></span> <span class='ocrx_word' id='word_1_39' title='bbox 1037 801 1123 882; x_wconf 85' lang='lat' dir='ltr'><strong>dixit,</strong></span> <span class='ocrx_word' id='word_1_40' title='bbox 1147 813 1284 884; x_wconf 81' lang='lat' dir='ltr'><strong>virgines</strong></span> 
     </span>
     <span class='ocr_line' id='line_1_6' title="bbox 217 916 622 974; baseline -0.007 0"><span class='ocrx_word' id='word_1_41' title='bbox 217 931 288 974; x_wconf 82' lang='grc'><strong>3333</strong></span> <span class='ocrx_word' id='word_1_42' title='bbox 303 917 412 974; x_wconf 84' lang='grc'><strong>331311.</strong></span> <span class='ocrx_word' id='word_1_43' title='bbox 429 916 487 974; x_wconf 88' lang='lat' dir='ltr'><strong>Sed</strong></span> <span class='ocrx_word' id='word_1_44' title='bbox 502 916 581 973; x_wconf 89' lang='lat' dir='ltr'><strong>absit</strong></span> <span class='ocrx_word' id='word_1_45' title='bbox 597 933 622 971; x_wconf 76' lang='grc'><strong>3.</strong></span> 
     </span>
    </p>

    <p class='ocr_par' dir='ltr' id='par_1_3' title="bbox 218 1010 1285 1381">
     <span class='ocr_line' id='line_1_7' title="bbox 252 1010 1285 1086; baseline -0.007 -13"><span class='ocrx_word' id='word_1_46' title='bbox 252 1018 314 1073; x_wconf 83' lang='lat' dir='ltr'><strong>XC.</strong></span> <span class='ocrx_word' id='word_1_47' title='bbox 343 1019 377 1086; x_wconf 99' lang='grc' dir='ltr'><strong>Β,</strong></span> <span class='ocrx_word' id='word_1_48' title='bbox 405 1015 459 1073; x_wconf 89' lang='grc'><strong>131.</strong></span> <span class='ocrx_word' id='word_1_49' title='bbox 484 1016 521 1072; x_wconf 85' lang='grc'><strong>93</strong></span> <span class='ocrx_word' id='word_1_50' title='bbox 547 1030 580 1085; x_wconf 83' lang='grc'><strong>3;</strong></span> <span class='ocrx_word' id='word_1_51' title='bbox 596 1017 629 1085; x_wconf 83' lang='lat' dir='ltr'><strong>C,</strong></span> <span class='ocrx_word' id='word_1_52' title='bbox 649 1015 773 1074; x_wconf 79' lang='grc'><strong>131113</strong></span> <span class='ocrx_word' id='word_1_53' title='bbox 795 1030 823 1072; x_wconf 91' lang='grc'><strong>3.</strong></span> <span class='ocrx_word' id='word_1_54' title='bbox 839 1044 875 1055; x_wconf 96' lang='grc'>-</span> <span class='ocrx_word' id='word_1_55' title='bbox 888 1012 1044 1072; x_wconf 78' lang='grc'><strong>1331133113</strong></span> <span class='ocrx_word' id='word_1_56' title='bbox 1058 1012 1208 1068; x_wconf 74' lang='lat' dir='ltr'><strong>rutenus</strong></span> <span class='ocrx_word' id='word_1_57' title='bbox 1229 1025 1236 1067; x_wconf 89' lang='lat'>:</span> <span class='ocrx_word' id='word_1_58' title='bbox 1254 1010 1285 1081; x_wconf 84' lang='lat'><strong>1,</strong></span> 
     </span>
     <span class='ocr_line' id='line_1_8' title="bbox 218 1109 1282 1194; baseline -0.006 -24"><span class='ocrx_word' id='word_1_59' title='bbox 218 1115 245 1183; x_wconf 87' lang='grc'><strong>3,</strong></span> <span class='ocrx_word' id='word_1_60' title='bbox 258 1113 424 1184; x_wconf 85' lang='lat' dir='ltr'><strong>custodias,</strong></span> <span class='ocrx_word' id='word_1_61' title='bbox 437 1115 469 1172; x_wconf 84' lang='lat' dir='ltr'><strong>C.</strong></span> <span class='ocrx_word' id='word_1_62' title='bbox 482 1113 557 1185; x_wconf 84' lang='grc'><strong>-3,</strong></span> <span class='ocrx_word' id='word_1_63' title='bbox 574 1115 599 1168; x_wconf 89' lang='grc'><strong>1.</strong></span> <span class='ocrx_word' id='word_1_64' title='bbox 611 1117 706 1183; x_wconf 55' lang='lat' dir='ltr'><strong>¹Forte</strong></span> <span class='ocrx_word' id='word_1_65' title='bbox 719 1113 845 1194; x_wconf 74' lang='lat' dir='ltr'><strong>clayier,</strong></span> <span class='ocrx_word' id='word_1_66' title='bbox 864 1116 897 1182; x_wconf 91' lang='grc' dir='ltr'><strong>Β,</strong></span> <span class='ocrx_word' id='word_1_67' title='bbox 916 1127 994 1184; x_wconf 91' lang='lat' dir='ltr'><strong>quae</strong></span> <span class='ocrx_word' id='word_1_68' title='bbox 1020 1111 1103 1168; x_wconf 88' lang='lat' dir='ltr'><strong>Pitra</strong></span> <span class='ocrx_word' id='word_1_69' title='bbox 1130 1109 1282 1181; x_wconf 87' lang='lat' dir='ltr'><strong>sequitur,</strong></span> 
     </span>
     <span class='ocr_line' id='line_1_9' title="bbox 218 1205 1284 1284; baseline -0.006 -16"><span class='ocrx_word' id='word_1_70' title='bbox 218 1211 301 1279; x_wconf 89' lang='lat' dir='ltr'><strong>licet,</strong></span> <span class='ocrx_word' id='word_1_71' title='bbox 314 1225 394 1283; x_wconf 89' lang='lat' dir='ltr'><strong>quae</strong></span> <span class='ocrx_word' id='word_1_72' title='bbox 407 1211 521 1269; x_wconf 89' lang='lat' dir='ltr'><strong>babent</strong></span> <span class='ocrx_word' id='word_1_73' title='bbox 536 1226 674 1282; x_wconf 91' lang='lat' dir='ltr'><strong>sensum,</strong></span> <span class='ocrx_word' id='word_1_74' title='bbox 690 1213 940 1284; x_wconf 85' lang='lat' dir='ltr'><strong>nonpraebeant.</strong></span> <span class='ocrx_word' id='word_1_75' title='bbox 956 1213 1046 1267; x_wconf 87' lang='lat' dir='ltr'><strong>Prote</strong></span> <span class='ocrx_word' id='word_1_76' title='bbox 1072 1208 1176 1284; x_wconf 61' lang='lat' dir='ltr'><strong>(upote)</strong></span> <span class='ocrx_word' id='word_1_77' title='bbox 1191 1205 1284 1263; x_wconf 86' lang='lat' dir='ltr'><strong>habet</strong></span> 
     </span>
     <span class='ocr_line' id='line_1_10' title="bbox 220 1306 753 1381; baseline -0.006 -15"><span class='ocrx_word' id='word_1_78' title='bbox 220 1306 292 1366; x_wconf 82' lang='lat' dir='ltr'><strong>(lod.</strong></span> <span class='ocrx_word' id='word_1_79' title='bbox 304 1309 455 1367; x_wconf 83' lang='lat' dir='ltr'><strong>(lalmont.</strong></span> <span class='ocrx_word' id='word_1_80' title='bbox 478 1340 515 1350; x_wconf 93' lang='lat'>—</span> <span class='ocrx_word' id='word_1_81' title='bbox 526 1309 556 1381; x_wconf 90' lang='grc'><strong>3,</strong></span> <span class='ocrx_word' id='word_1_82' title='bbox 572 1309 600 1379; x_wconf 88' lang='grc'><strong>3,</strong></span> <span class='ocrx_word' id='word_1_83' title='bbox 613 1309 706 1378; x_wconf 91' lang='lat' dir='ltr'><strong>ducit,</strong></span> <span class='ocrx_word' id='word_1_84' title='bbox 721 1311 753 1367; x_wconf 85' lang='lat' dir='ltr'><strong>C.</strong></span> 
     </span>
    </p>

    <p class='ocr_par' dir='ltr' id='par_1_4' title="bbox 218 1402 1293 2551">
     <span class='ocr_line' id='line_1_11' title="bbox 254 1402 1287 1480; baseline -0.003 -19"><span class='ocrx_word' id='word_1_85' title='bbox 254 1405 452 1463; x_wconf 78' lang='lat' dir='ltr'><strong>Adnotende:</strong></span> <span class='ocrx_word' id='word_1_86' title='bbox 470 1406 496 1476; x_wconf 89' lang='lat' dir='ltr'><strong>l,</strong></span> <span class='ocrx_word' id='word_1_87' title='bbox 512 1407 525 1463; x_wconf 93' lang='grc'><strong>1</strong></span> <span class='ocrx_word' id='word_1_88' title='bbox 542 1425 555 1461; x_wconf 72' lang='lat' dir='ltr'><strong>a</strong></span> <span class='ocrx_word' id='word_1_89' title='bbox 572 1407 657 1464; x_wconf 81' lang='lat' dir='ltr'><strong>Beati</strong></span> <span class='ocrx_word' id='word_1_90' title='bbox 670 1407 763 1478; x_wconf 89' lang='lat' dir='ltr'><strong>Petri,</strong></span> <span class='ocrx_word' id='word_1_91' title='bbox 779 1408 989 1480; x_wconf 89' lang='lat' dir='ltr'><strong>apostolorum</strong></span> <span class='ocrx_word' id='word_1_92' title='bbox 1005 1402 1164 1477; x_wconf 89' lang='lat' dir='ltr'><strong>principis,</strong></span> <span class='ocrx_word' id='word_1_93' title='bbox 1178 1402 1287 1460; x_wconf 91' lang='lat' dir='ltr'><strong>solem·</strong></span> 
     </span>
     <span class='ocr_line' id='line_1_12' title="bbox 220 1498 1289 1571; baseline -0.002 -15"><span class='ocrx_word' id='word_1_94' title='bbox 220 1501 299 1556; x_wconf 84' lang='lat' dir='ltr'><strong>nitas</strong></span> <span class='ocrx_word' id='word_1_95' title='bbox 314 1504 400 1557; x_wconf 93' lang='lat' dir='ltr'><strong>tanto</strong></span> <span class='ocrx_word' id='word_1_96' title='bbox 427 1502 580 1560; x_wconf 80' lang='lat' dir='ltr'><strong>celebrius</strong></span> <span class='ocrx_word' id='word_1_97' title='bbox 594 1502 631 1560; x_wconf 89' lang='lat' dir='ltr'><strong>ab</strong></span> <span class='ocrx_word' id='word_1_98' title='bbox 661 1503 792 1560; x_wconf 85' lang='lat' dir='ltr'><strong>ecclesia</strong></span> <span class='ocrx_word' id='word_1_99' title='bbox 813 1502 989 1560; x_wconf 83' lang='lat' dir='ltr'><strong>veneranda</strong></span> <span class='ocrx_word' id='word_1_100' title='bbox 1008 1503 1064 1569; x_wconf 90' lang='grc'><strong>331,</strong></span> <span class='ocrx_word' id='word_1_101' title='bbox 1090 1501 1203 1571; x_wconf 90' lang='lat' dir='ltr'><strong>quanto</strong></span> <span class='ocrx_word' id='word_1_102' title='bbox 1229 1498 1289 1568; x_wconf 88' lang='lat' dir='ltr'><strong>ipsi</strong></span> 
     </span>
     <span class='ocr_line' id='line_1_13' title="bbox 219 1599 1287 1673; baseline -0.004 -19"><span class='ocrx_word' id='word_1_103' title='bbox 219 1614 238 1654; x_wconf 92' lang='lat' dir='ltr'><strong>a</strong></span> <span class='ocrx_word' id='word_1_104' title='bbox 260 1599 389 1655; x_wconf 90' lang='lat' dir='ltr'><strong>Domino</strong></span> <span class='ocrx_word' id='word_1_105' title='bbox 413 1600 545 1671; x_wconf 85' lang='lat' dir='ltr'><strong>amplior</strong></span> <span class='ocrx_word' id='word_1_106' title='bbox 574 1602 766 1673; x_wconf 87' lang='lat' dir='ltr'><strong>principatus</strong></span> <span class='ocrx_word' id='word_1_107' title='bbox 790 1602 824 1657; x_wconf 96' lang='grc'><strong>13</strong></span> <span class='ocrx_word' id='word_1_108' title='bbox 852 1601 981 1657; x_wconf 89' lang='grc'><strong>33313313</strong></span> <span class='ocrx_word' id='word_1_109' title='bbox 1008 1613 1172 1656; x_wconf 88' lang='grc'><strong>333333333</strong></span> <span class='ocrx_word' id='word_1_110' title='bbox 1200 1599 1247 1654; x_wconf 97' lang='grc'><strong>331</strong></span> <span class='ocrx_word' id='word_1_111' title='bbox 1261 1612 1287 1650; x_wconf 76' lang='lat' dir='ltr'><strong>e.</strong></span> 
     </span>
     <span class='ocr_line' id='line_1_14' title="bbox 218 1693 1288 1771; baseline -0.002 -20"><span class='ocrx_word' id='word_1_112' title='bbox 218 1695 408 1754; x_wconf 81' lang='lat' dir='ltr'><strong>Abaelardus</strong></span> <span class='ocrx_word' id='word_1_113' title='bbox 424 1713 515 1756; x_wconf 87' lang='lat' dir='ltr'><strong>serm.</strong></span> <span class='ocrx_word' id='word_1_114' title='bbox 532 1700 578 1770; x_wconf 82' lang='grc'><strong>23,</strong></span> <span class='ocrx_word' id='word_1_115' title='bbox 595 1699 648 1771; x_wconf 93' lang='lat' dir='ltr'><strong>qui</strong></span> <span class='ocrx_word' id='word_1_116' title='bbox 663 1704 711 1758; x_wconf 89' lang='lat' dir='ltr'><strong>est</strong></span> <span class='ocrx_word' id='word_1_117' title='bbox 739 1700 776 1758; x_wconf 88' lang='lat' dir='ltr'><strong>de</strong></span> <span class='ocrx_word' id='word_1_118' title='bbox 791 1704 896 1758; x_wconf 87' lang='lat' dir='ltr'><strong>saneto</strong></span> <span class='ocrx_word' id='word_1_119' title='bbox 911 1703 1010 1758; x_wconf 84' lang='lat' dir='ltr'><strong>Petro.</strong></span> <span class='ocrx_word' id='word_1_120' title='bbox 1028 1729 1062 1739; x_wconf 91' lang='lat'><em>-</em></span> <span class='ocrx_word' id='word_1_121' title='bbox 1077 1700 1105 1767; x_wconf 79' lang='lat'><strong>2,</strong></span> <span class='ocrx_word' id='word_1_122' title='bbox 1130 1696 1210 1767; x_wconf 79' lang='lat' dir='ltr'><strong>2sq.</strong></span> <span class='ocrx_word' id='word_1_123' title='bbox 1226 1693 1288 1752; x_wconf 83' lang='lat' dir='ltr'><strong>Gir.</strong></span> 
     </span>
     <span class='ocr_line' id='line_1_15' title="bbox 222 1792 1289 1868; baseline 0 -20"><span class='ocrx_word' id='word_1_124' title='bbox 222 1794 294 1848; x_wconf 90' lang='lat' dir='ltr'><strong>Luc.</strong></span> <span class='ocrx_word' id='word_1_125' title='bbox 310 1797 339 1865; x_wconf 86' lang='lat'><strong>5,</strong></span> <span class='ocrx_word' id='word_1_126' title='bbox 357 1795 399 1851; x_wconf 93' lang='grc'><strong>10.</strong></span> <span class='ocrx_word' id='word_1_127' title='bbox 411 1825 447 1836; x_wconf 92' lang='lat'><em>-</em></span> <span class='ocrx_word' id='word_1_128' title='bbox 460 1797 488 1867; x_wconf 90' lang='grc'><strong>3,</strong></span> <span class='ocrx_word' id='word_1_129' title='bbox 505 1799 530 1852; x_wconf 89' lang='grc'><strong>1.</strong></span> <span class='ocrx_word' id='word_1_130' title='bbox 546 1799 636 1855; x_wconf 80' lang='lat' dir='ltr'><strong>Prote</strong></span> <span class='ocrx_word' id='word_1_131' title='bbox 649 1799 795 1868; x_wconf 84' lang='lat' dir='ltr'><strong>claviger.</strong></span> <span class='ocrx_word' id='word_1_132' title='bbox 810 1797 979 1865; x_wconf 81' lang='lat' dir='ltr'><strong>«Quamvis</strong></span> <span class='ocrx_word' id='word_1_133' title='bbox 994 1797 1076 1852; x_wconf 90' lang='lat' dir='ltr'><strong>enim</strong></span> <span class='ocrx_word' id='word_1_134' title='bbox 1101 1792 1289 1864; x_wconf 78' lang='lat' dir='ltr'><strong>generaliter</strong></span> 
     </span>
     <span class='ocr_line' id='line_1_16' title="bbox 223 1888 1291 1966; baseline -0.003 -20"><span class='ocrx_word' id='word_1_135' title='bbox 223 1888 339 1948; x_wconf 89' lang='lat' dir='ltr'><strong>dictum</strong></span> <span class='ocrx_word' id='word_1_136' title='bbox 352 1892 392 1949; x_wconf 88' lang='grc'><strong>311</strong></span> <span class='ocrx_word' id='word_1_137' title='bbox 406 1894 547 1952; x_wconf 89' lang='lat' dir='ltr'><strong>omnibus</strong></span> <span class='ocrx_word' id='word_1_138' title='bbox 575 1897 748 1966; x_wconf 87' lang='lat' dir='ltr'><strong>apostolis:</strong></span> <span class='ocrx_word' id='word_1_139' title='bbox 780 1899 1004 1965; x_wconf 77' lang='lat' dir='ltr'><strong>Quaecumque</strong></span> <span class='ocrx_word' id='word_1_140' title='bbox 1028 1891 1177 1962; x_wconf 79' lang='lat' dir='ltr'><strong>ligaveris</strong></span> <span class='ocrx_word' id='word_1_141' title='bbox 1195 1902 1291 1958; x_wconf 78' lang='lat' dir='ltr'><strong>super</strong></span> 
     </span>
     <span class='ocr_line' id='line_1_17' title="bbox 227 1980 1293 2065; baseline 0.001 -24"><span class='ocrx_word' id='word_1_142' title='bbox 227 1991 362 2060; x_wconf 85' lang='lat' dir='ltr'><strong>terram,</strong></span> <span class='ocrx_word' id='word_1_143' title='bbox 377 1990 436 2047; x_wconf 90' lang='grc'><strong>3311</strong></span> <span class='ocrx_word' id='word_1_144' title='bbox 447 1996 549 2049; x_wconf 90' lang='lat' dir='ltr'><strong>tamen</strong></span> <span class='ocrx_word' id='word_1_145' title='bbox 563 1995 654 2051; x_wconf 88' lang='lat' dir='ltr'><strong>Petro</strong></span> <span class='ocrx_word' id='word_1_146' title='bbox 668 1993 797 2065; x_wconf 86' lang='lat' dir='ltr'><strong>insuper</strong></span> <span class='ocrx_word' id='word_1_147' title='bbox 821 1980 928 2050; x_wconf 55' lang='lat' dir='ltr'><strong>clavesx</strong></span> <span class='ocrx_word' id='word_1_148' title='bbox 943 1993 1032 2060; x_wconf 85' lang='lat' dir='ltr'><strong>regni</strong></span> <span class='ocrx_word' id='word_1_149' title='bbox 1042 1990 1190 2046; x_wconf 89' lang='lat' dir='ltr'><strong>coelorum</strong></span> <span class='ocrx_word' id='word_1_150' title='bbox 1204 1986 1293 2044; x_wconf 85' lang='lat' dir='ltr'><strong>datae</strong></span> 
     </span>
     <span class='ocr_line' id='line_1_18' title="bbox 226 2086 1291 2159; baseline -0.001 -17"><span class='ocrx_word' id='word_1_151' title='bbox 226 2087 308 2143; x_wconf 89' lang='lat' dir='ltr'><strong>suut.</strong></span> <span class='ocrx_word' id='word_1_152' title='bbox 323 2089 406 2145; x_wconf 87' lang='lat' dir='ltr'><strong>Sicut</strong></span> <span class='ocrx_word' id='word_1_153' title='bbox 421 2091 502 2146; x_wconf 91' lang='lat' dir='ltr'><strong>enim</strong></span> <span class='ocrx_word' id='word_1_154' title='bbox 514 2094 629 2149; x_wconf 89' lang='lat' dir='ltr'><strong>multae</strong></span> <span class='ocrx_word' id='word_1_155' title='bbox 643 2093 783 2149; x_wconf 84' lang='lat' dir='ltr'><strong>civitates</strong></span> <span class='ocrx_word' id='word_1_156' title='bbox 796 2094 869 2150; x_wconf 90' lang='lat' dir='ltr'><strong>sunt</strong></span> <span class='ocrx_word' id='word_1_157' title='bbox 883 2092 915 2147; x_wconf 92' lang='lat' dir='ltr'><strong>in</strong></span> <span class='ocrx_word' id='word_1_158' title='bbox 928 2105 991 2148; x_wconf 89' lang='lat' dir='ltr'><strong>nno</strong></span> <span class='ocrx_word' id='word_1_159' title='bbox 1005 2103 1111 2159; x_wconf 87' lang='lat' dir='ltr'><strong>regno,</strong></span> <span class='ocrx_word' id='word_1_160' title='bbox 1124 2087 1167 2144; x_wconf 89' lang='lat' dir='ltr'><strong>ita</strong></span> <span class='ocrx_word' id='word_1_161' title='bbox 1177 2086 1291 2143; x_wconf 90' lang='lat' dir='ltr'><strong>multae</strong></span> 
     </span>
     <span class='ocr_line' id='line_1_19' title="bbox 221 2183 1292 2262; baseline -0.002 -21"><span class='ocrx_word' id='word_1_162' title='bbox 221 2187 326 2258; x_wconf 91' lang='lat' dir='ltr'><strong>partes</strong></span> <span class='ocrx_word' id='word_1_163' title='bbox 340 2188 374 2243; x_wconf 91' lang='grc'><strong>13</strong></span> <span class='ocrx_word' id='word_1_164' title='bbox 387 2191 501 2259; x_wconf 90' lang='lat' dir='ltr'><strong>populo</strong></span> <span class='ocrx_word' id='word_1_165' title='bbox 517 2190 699 2248; x_wconf 87' lang='lat' dir='ltr'><strong>Christiano.</strong></span> <span class='ocrx_word' id='word_1_166' title='bbox 710 2193 849 2260; x_wconf 78' lang='lat' dir='ltr'><strong>Regnum</strong></span> <span class='ocrx_word' id='word_1_167' title='bbox 863 2190 967 2262; x_wconf 89' lang='lat' dir='ltr'><strong>itaque</strong></span> <span class='ocrx_word' id='word_1_168' title='bbox 981 2187 1094 2247; x_wconf 84' lang='lat' dir='ltr'><strong>Christi</strong></span> <span class='ocrx_word' id='word_1_169' title='bbox 1106 2183 1292 2244; x_wconf 82' lang='lat' dir='ltr'><strong>universalis</strong></span> 
     </span>
     <span class='ocr_line' id='line_1_20' title="bbox 223 2277 1291 2358; baseline -0.007 -16"><span class='ocrx_word' id='word_1_170' title='bbox 223 2290 270 2342; x_wconf 89' lang='lat' dir='ltr'><strong>est</strong></span> <span class='ocrx_word' id='word_1_171' title='bbox 282 2285 424 2357; x_wconf 88' lang='lat' dir='ltr'><strong>ecclesia,</strong></span> <span class='ocrx_word' id='word_1_172' title='bbox 438 2286 482 2344; x_wconf 90' lang='grc'><strong>113</strong></span> <span class='ocrx_word' id='word_1_173' title='bbox 496 2286 528 2342; x_wconf 91' lang='grc'><strong>13</strong></span> <span class='ocrx_word' id='word_1_174' title='bbox 542 2290 725 2358; x_wconf 87' lang='lat' dir='ltr'><strong>potestatem</strong></span> <span class='ocrx_word' id='word_1_175' title='bbox 739 2288 822 2344; x_wconf 88' lang='lat' dir='ltr'><strong>Petri</strong></span> <span class='ocrx_word' id='word_1_176' title='bbox 842 2287 964 2357; x_wconf 86' lang='lat' dir='ltr'><strong>tradita,</strong></span> <span class='ocrx_word' id='word_1_177' title='bbox 984 2288 1021 2342; x_wconf 91' lang='lat' dir='ltr'><strong>ut</strong></span> <span class='ocrx_word' id='word_1_178' title='bbox 1038 2283 1115 2341; x_wconf 92' lang='lat' dir='ltr'><strong>nihil</strong></span> <span class='ocrx_word' id='word_1_179' title='bbox 1129 2277 1291 2339; x_wconf 86' lang='grc'><strong>13331331</strong></span> 
     </span>
     <span class='ocr_line' id='line_1_21' title="bbox 221 2375 1290 2456; baseline -0.005 -18"><span class='ocrx_word' id='word_1_180' title='bbox 221 2383 282 2438; x_wconf 90' lang='lat' dir='ltr'><strong>nisi</strong></span> <span class='ocrx_word' id='word_1_181' title='bbox 290 2381 482 2440; x_wconf 90' lang='lat' dir='ltr'><strong>ordinatione</strong></span> <span class='ocrx_word' id='word_1_182' title='bbox 488 2384 541 2440; x_wconf 87' lang='lat' dir='ltr'><strong>vel</strong></span> <span class='ocrx_word' id='word_1_183' title='bbox 549 2385 755 2455; x_wconf 85' lang='lat' dir='ltr'><strong>permissione</strong></span> <span class='ocrx_word' id='word_1_184' title='bbox 765 2385 856 2442; x_wconf 88' lang='lat' dir='ltr'><strong>liceat</strong></span> <span class='ocrx_word' id='word_1_185' title='bbox 868 2385 997 2442; x_wconf 83' lang='lat' dir='ltr'><strong>Romani</strong></span> <span class='ocrx_word' id='word_1_186' title='bbox 1008 2379 1183 2456; x_wconf 76' lang='lat' dir='ltr'><strong>pontificis»</strong></span> <span class='ocrx_word' id='word_1_187' title='bbox 1195 2375 1290 2449; x_wconf 87' lang='lat' dir='ltr'><strong>(idem</strong></span> 
     </span>
     <span class='ocr_line' id='line_1_22' title="bbox 221 2477 600 2551; baseline 0 -16"><span class='ocrx_word' id='word_1_188' title='bbox 221 2477 353 2551; x_wconf 85' lang='lat' dir='ltr'><strong>ibidem).</strong></span> <span class='ocrx_word' id='word_1_189' title='bbox 594 2482 600 2492; x_wconf 83' lang='lat'><strong><em>&#39;</em></strong></span> 
     </span>
    </p>

    <p class='ocr_par' dir='ltr' id='par_1_5' title="bbox 259 2574 1290 2648">
     <span class='ocr_line' id='line_1_23' title="bbox 259 2574 1290 2648; baseline -0.017 -4"><span class='ocrx_word' id='word_1_190' title='bbox 259 2576 336 2632; x_wconf 76' lang='lat' dir='ltr'><strong>XCI·</strong></span> <span class='ocrx_word' id='word_1_191' title='bbox 365 2577 398 2642; x_wconf 74' lang='lat' dir='ltr'><strong>B,</strong></span> <span class='ocrx_word' id='word_1_192' title='bbox 421 2577 474 2633; x_wconf 90' lang='grc'><strong>131.</strong></span> <span class='ocrx_word' id='word_1_193' title='bbox 490 2578 555 2635; x_wconf 83' lang='grc'><strong>933</strong></span> <span class='ocrx_word' id='word_1_194' title='bbox 570 2595 578 2646; x_wconf 92' lang='lat'>;</span> <span class='ocrx_word' id='word_1_195' title='bbox 595 2581 627 2648; x_wconf 83' lang='lat' dir='ltr'><strong>G,</strong></span> <span class='ocrx_word' id='word_1_196' title='bbox 656 2580 710 2636; x_wconf 90' lang='grc'><strong>131.</strong></span> <span class='ocrx_word' id='word_1_197' title='bbox 733 2580 827 2637; x_wconf 83' lang='grc'><strong>1311).</strong></span> <span class='ocrx_word' id='word_1_198' title='bbox 854 2611 889 2622; x_wconf 92' lang='grc'><strong>-</strong></span> <span class='ocrx_word' id='word_1_199' title='bbox 916 2576 1073 2636; x_wconf 73' lang='lat' dir='ltr'><strong>Lectiones</strong></span> <span class='ocrx_word' id='word_1_200' title='bbox 1100 2574 1252 2631; x_wconf 75' lang='lat' dir='ltr'><strong>vmiantes</strong></span> <span class='ocrx_word' id='word_1_201' title='bbox 1283 2587 1290 2626; x_wconf 93' lang='lat'>:</span> 
     </span>
    </p>
   </div>
   <div class='ocr_carea' id='block_1_3' title="bbox 224 2664 1292 2836">
    <p class='ocr_par' dir='ltr' id='par_1_6' title="bbox 224 2664 1292 2836">
     <span class='ocr_line' id='line_1_24' title="bbox 224 2664 1289 2746; baseline -0.006 -18"><span class='ocrx_word' id='word_1_202' title='bbox 224 2673 253 2741; x_wconf 79' lang='lat' dir='ltr'><strong>ll,</strong></span> <span class='ocrx_word' id='word_1_203' title='bbox 270 2672 295 2728; x_wconf 91' lang='grc'><strong>1.</strong></span> <span class='ocrx_word' id='word_1_204' title='bbox 313 2664 362 2730; x_wconf 78' lang='lat' dir='ltr'><strong>Sic</strong></span> <span class='ocrx_word' id='word_1_205' title='bbox 374 2672 562 2741; x_wconf 85' lang='lat' dir='ltr'><strong>rhinoceros,</strong></span> <span class='ocrx_word' id='word_1_206' title='bbox 578 2677 611 2744; x_wconf 92' lang='grc' dir='ltr'><strong>Β,</strong></span> <span class='ocrx_word' id='word_1_207' title='bbox 621 2677 703 2746; x_wconf 92' lang='lat' dir='ltr'><strong>quod</strong></span> <span class='ocrx_word' id='word_1_208' title='bbox 712 2677 795 2733; x_wconf 85' lang='lat' dir='ltr'><strong>Pitra</strong></span> <span class='ocrx_word' id='word_1_209' title='bbox 803 2676 1022 2746; x_wconf 89' lang='lat' dir='ltr'><strong>interpretatus</strong></span> <span class='ocrx_word' id='word_1_210' title='bbox 1038 2676 1085 2730; x_wconf 88' lang='grc'><strong>331</strong></span> <span class='ocrx_word' id='word_1_211' title='bbox 1098 2671 1191 2740; x_wconf 84' lang='lat' dir='ltr'><strong>sicut,</strong></span> <span class='ocrx_word' id='word_1_212' title='bbox 1205 2667 1289 2725; x_wconf 91' lang='lat' dir='ltr'><strong>unde</strong></span> 
     </span>
     <span class='ocr_line' id='line_1_25' title="bbox 227 2763 1292 2836; baseline -0.006 -14"><span class='ocrx_word' id='word_1_213' title='bbox 227 2765 455 2836; x_wconf 71' lang='lat' dir='ltr'><strong>suppresso-sie</strong></span> <span class='ocrx_word' id='word_1_214' title='bbox 471 2765 566 2823; x_wconf 88' lang='lat' dir='ltr'><strong>edidit</strong></span> <span class='ocrx_word' id='word_1_215' title='bbox 582 2768 619 2822; x_wconf 82' lang='lat' dir='ltr'><strong>Ut</strong></span> <span class='ocrx_word' id='word_1_216' title='bbox 638 2768 836 2825; x_wconf 68' lang='lat' dir='ltr'><strong>rhinoceros.</strong></span> <span class='ocrx_word' id='word_1_217' title='bbox 856 2771 932 2826; x_wconf 80' lang='lat' dir='ltr'><strong>Cum</strong></span> <span class='ocrx_word' id='word_1_218' title='bbox 952 2780 1027 2822; x_wconf 85' lang='lat' dir='ltr'><strong>vero</strong></span> <span class='ocrx_word' id='word_1_219' title='bbox 1055 2765 1127 2824; x_wconf 88' lang='lat' dir='ltr'><strong>cod.</strong></span> <span class='ocrx_word' id='word_1_220' title='bbox 1151 2763 1292 2821; x_wconf 80' lang='lat' dir='ltr'><strong>daimon·</strong></span> 
     </span>
    </p>
   </div>
   <div class='ocr_carea' id='block_1_4' title="bbox 224 2853 1294 4293">
    <p class='ocr_par' dir='ltr' id='par_1_7' title="bbox 225 2853 1293 3222">
     <span class='ocr_line' id='line_1_26' title="bbox 225 2853 1292 2934; baseline -0.006 -18"><span class='ocrx_word' id='word_1_221' title='bbox 225 2863 317 2917; x_wconf 87' lang='lat' dir='ltr'><strong>tanus</strong></span> <span class='ocrx_word' id='word_1_222' title='bbox 329 2859 513 2918; x_wconf 83' lang='lat' dir='ltr'><strong>habeatHic</strong></span> <span class='ocrx_word' id='word_1_223' title='bbox 534 2861 732 2927; x_wconf 78' lang='lat' dir='ltr'><strong>rhinoceros,</strong></span> <span class='ocrx_word' id='word_1_224' title='bbox 749 2865 889 2934; x_wconf 87' lang='lat' dir='ltr'><strong>apparet,</strong></span> <span class='ocrx_word' id='word_1_225' title='bbox 912 2863 944 2917; x_wconf 92' lang='grc'><strong>13</strong></span> <span class='ocrx_word' id='word_1_226' title='bbox 965 2861 1076 2918; x_wconf 88' lang='lat' dir='ltr'><strong>Codice</strong></span> <span class='ocrx_word' id='word_1_227' title='bbox 1096 2853 1292 2916; x_wconf 86' lang='lat' dir='ltr'><strong>Bruxellensi</strong></span> 
     </span>
     <span class='ocr_line' id='line_1_27' title="bbox 226 2952 1293 3028; baseline -0.005 -16"><span class='ocrx_word' id='word_1_228' title='bbox 226 2957 350 3013; x_wconf 89' lang='lat' dir='ltr'><strong>nonnisi</strong></span> <span class='ocrx_word' id='word_1_229' title='bbox 364 2955 474 3012; x_wconf 89' lang='lat' dir='ltr'><strong>talsam</strong></span> <span class='ocrx_word' id='word_1_230' title='bbox 487 2957 622 3013; x_wconf 89' lang='lat' dir='ltr'><strong>litteram</strong></span> <span class='ocrx_word' id='word_1_231' title='bbox 635 2958 766 3027; x_wconf 90' lang='lat' dir='ltr'><strong>primam</strong></span> <span class='ocrx_word' id='word_1_232' title='bbox 782 2958 959 3028; x_wconf 87' lang='lat' dir='ltr'><strong>adpinxisse</strong></span> <span class='ocrx_word' id='word_1_233' title='bbox 968 2955 1190 3012; x_wconf 87' lang='lat' dir='ltr'><strong>rubricatorem</strong></span> <span class='ocrx_word' id='word_1_234' title='bbox 1202 2952 1293 3008; x_wconf 88' lang='grc'><strong>13133-</strong></span> 
     </span>
     <span class='ocr_line' id='line_1_28' title="bbox 228 3048 1291 3125; baseline -0.006 -14"><span class='ocrx_word' id='word_1_235' title='bbox 228 3067 288 3125; x_wconf 91' lang='lat' dir='ltr'><strong>que</strong></span> <span class='ocrx_word' id='word_1_236' title='bbox 301 3053 417 3110; x_wconf 90' lang='lat' dir='ltr'><strong>lineam</strong></span> <span class='ocrx_word' id='word_1_237' title='bbox 431 3067 524 3124; x_wconf 90' lang='lat' dir='ltr'><strong>super</strong></span> <span class='ocrx_word' id='word_1_238' title='bbox 536 3053 658 3110; x_wconf 87' lang='lat' dir='ltr'><strong>litterai</strong></span> <span class='ocrx_word' id='word_1_239' title='bbox 672 3054 795 3111; x_wconf 89' lang='lat' dir='ltr'><strong>ductam</strong></span> <span class='ocrx_word' id='word_1_240' title='bbox 805 3068 885 3111; x_wconf 90' lang='lat' dir='ltr'><strong>esse.</strong></span> <span class='ocrx_word' id='word_1_241' title='bbox 900 3055 968 3122; x_wconf 91' lang='lat'><strong>-5,</strong></span> <span class='ocrx_word' id='word_1_242' title='bbox 984 3054 1010 3108; x_wconf 86' lang='lat'><strong>1.</strong></span> <span class='ocrx_word' id='word_1_243' title='bbox 1025 3055 1113 3109; x_wconf 90' lang='lat' dir='ltr'><strong>Nunc</strong></span> <span class='ocrx_word' id='word_1_244' title='bbox 1127 3048 1291 3121; x_wconf 86' lang='lat' dir='ltr'><strong>nequitiae,</strong></span> 
     </span>
     <span class='ocr_line' id='line_1_29' title="bbox 226 3150 703 3222; baseline -0.006 -13"><span class='ocrx_word' id='word_1_245' title='bbox 226 3155 260 3222; x_wconf 92' lang='grc' dir='ltr'><strong>Β,</strong></span> <span class='ocrx_word' id='word_1_246' title='bbox 275 3151 389 3208; x_wconf 91' lang='lat' dir='ltr'><strong>iterum</strong></span> <span class='ocrx_word' id='word_1_247' title='bbox 402 3150 478 3206; x_wconf 80' lang='lat' dir='ltr'><strong>vitio</strong></span> <span class='ocrx_word' id='word_1_248' title='bbox 492 3150 703 3208; x_wconf 90' lang='lat' dir='ltr'><strong>rubricatoris.</strong></span> 
     </span>
    </p>

    <p class='ocr_par' dir='ltr' id='par_1_8' title="bbox 224 3240 1294 4293">
     <span class='ocr_line' id='line_1_30' title="bbox 261 3240 1290 3317; baseline -0.009 -13"><span class='ocrx_word' id='word_1_249' title='bbox 261 3246 437 3304; x_wconf 73' lang='lat' dir='ltr'><strong>Adnotande</strong></span> <span class='ocrx_word' id='word_1_250' title='bbox 453 3262 461 3302; x_wconf 77' lang='grc' dir='ltr'><strong><em>ε</em></strong></span> <span class='ocrx_word' id='word_1_251' title='bbox 479 3246 562 3303; x_wconf 87' lang='lat' dir='ltr'><strong>Pitra</strong></span> <span class='ocrx_word' id='word_1_252' title='bbox 586 3247 734 3317; x_wconf 92' lang='lat' dir='ltr'><strong>hymnum</strong></span> <span class='ocrx_word' id='word_1_253' title='bbox 766 3246 908 3304; x_wconf 85' lang='lat' dir='ltr'><strong>attribuit</strong></span> <span class='ocrx_word' id='word_1_254' title='bbox 934 3245 1026 3302; x_wconf 91' lang='lat' dir='ltr'><strong>tertio</strong></span> <span class='ocrx_word' id='word_1_255' title='bbox 1049 3247 1205 3301; x_wconf 91' lang='lat' dir='ltr'><strong>Nocturno</strong></span> <span class='ocrx_word' id='word_1_256' title='bbox 1218 3240 1290 3298; x_wconf 86' lang='lat' dir='ltr'><strong>festi</strong></span> 
     </span>
     <span class='ocr_line' id='line_1_31' title="bbox 224 3342 1292 3404; baseline -0.002 -5"><span class='ocrx_word' id='word_1_257' title='bbox 224 3344 387 3402; x_wconf 90' lang='lat' dir='ltr'><strong>beatorum</strong></span> <span class='ocrx_word' id='word_1_258' title='bbox 402 3345 484 3402; x_wconf 85' lang='lat' dir='ltr'><strong>Petri</strong></span> <span class='ocrx_word' id='word_1_259' title='bbox 498 3359 533 3401; x_wconf 93' lang='lat' dir='ltr'><strong>ac</strong></span> <span class='ocrx_word' id='word_1_260' title='bbox 548 3345 644 3402; x_wconf 87' lang='lat' dir='ltr'><strong>Pauli.</strong></span> <span class='ocrx_word' id='word_1_261' title='bbox 657 3346 715 3404; x_wconf 89' lang='lat' dir='ltr'><strong>Sed</strong></span> <span class='ocrx_word' id='word_1_262' title='bbox 725 3360 799 3403; x_wconf 92' lang='lat' dir='ltr'><strong>cum</strong></span> <span class='ocrx_word' id='word_1_263' title='bbox 814 3344 987 3402; x_wconf 85' lang='grc'><strong>3311333131</strong></span> <span class='ocrx_word' id='word_1_264' title='bbox 998 3344 1032 3400; x_wconf 93' lang='lat' dir='ltr'><strong>in</strong></span> <span class='ocrx_word' id='word_1_265' title='bbox 1043 3343 1152 3401; x_wconf 87' lang='lat' dir='ltr'><strong>Codice</strong></span> <span class='ocrx_word' id='word_1_266' title='bbox 1166 3342 1292 3399; x_wconf 82' lang='lat' dir='ltr'><strong>Bruxel-</strong></span> 
     </span>
     <span class='ocr_line' id='line_1_32' title="bbox 228 3439 1291 3514; baseline -0.003 -16"><span class='ocrx_word' id='word_1_267' title='bbox 228 3442 310 3498; x_wconf 90' lang='lat' dir='ltr'><strong>lensi</strong></span> <span class='ocrx_word' id='word_1_268' title='bbox 332 3442 517 3513; x_wconf 86' lang='lat' dir='ltr'><strong>hymnorum</strong></span> <span class='ocrx_word' id='word_1_269' title='bbox 529 3442 756 3513; x_wconf 88' lang='lat' dir='ltr'><strong>inscriptiones,</strong></span> <span class='ocrx_word' id='word_1_270' title='bbox 776 3444 925 3514; x_wconf 90' lang='lat' dir='ltr'><strong>nullaque</strong></span> <span class='ocrx_word' id='word_1_271' title='bbox 943 3442 1023 3498; x_wconf 89' lang='lat' dir='ltr'><strong>ratio</strong></span> <span class='ocrx_word' id='word_1_272' title='bbox 1047 3439 1131 3498; x_wconf 91' lang='lat' dir='ltr'><strong>aliud</strong></span> <span class='ocrx_word' id='word_1_273' title='bbox 1155 3439 1291 3508; x_wconf 89' lang='lat' dir='ltr'><strong>suadeat,</strong></span> 
     </span>
     <span class='ocr_line' id='line_1_33' title="bbox 228 3536 1292 3609; baseline -0.002 -14"><span class='ocrx_word' id='word_1_274' title='bbox 228 3537 323 3595; x_wconf 89' lang='lat' dir='ltr'><strong>malui</strong></span> <span class='ocrx_word' id='word_1_275' title='bbox 337 3537 416 3594; x_wconf 82' lang='lat' dir='ltr'><strong>sesto</strong></span> <span class='ocrx_word' id='word_1_276' title='bbox 433 3537 531 3594; x_wconf 89' lang='lat' dir='ltr'><strong>sancti</strong></span> <span class='ocrx_word' id='word_1_277' title='bbox 541 3539 627 3595; x_wconf 85' lang='lat' dir='ltr'><strong>Pauli</strong></span> <span class='ocrx_word' id='word_1_278' title='bbox 642 3539 827 3609; x_wconf 86' lang='lat' dir='ltr'><strong>adscribere,</strong></span> <span class='ocrx_word' id='word_1_279' title='bbox 841 3538 920 3596; x_wconf 87' lang='lat' dir='ltr'><strong>sicut</strong></span> <span class='ocrx_word' id='word_1_280' title='bbox 932 3539 985 3609; x_wconf 93' lang='lat' dir='ltr'><strong>qui</strong></span> <span class='ocrx_word' id='word_1_281' title='bbox 1001 3537 1142 3609; x_wconf 83' lang='lat' dir='ltr'><strong>sequitur</strong></span> <span class='ocrx_word' id='word_1_282' title='bbox 1159 3536 1292 3606; x_wconf 81' lang='lat' dir='ltr'><strong>hymnus</strong></span> 
     </span>
     <span class='ocr_line' id='line_1_34' title="bbox 234 3633 1294 3708; baseline 0 -18"><span class='ocrx_word' id='word_1_283' title='bbox 234 3639 340 3691; x_wconf 88' lang='lat' dir='ltr'><strong>sancto</strong></span> <span class='ocrx_word' id='word_1_284' title='bbox 355 3634 487 3691; x_wconf 76' lang='lat' dir='ltr'><strong>iohanni</strong></span> <span class='ocrx_word' id='word_1_285' title='bbox 505 3635 659 3692; x_wconf 89' lang='lat' dir='ltr'><strong>tribuitur.</strong></span> <span class='ocrx_word' id='word_1_286' title='bbox 672 3640 772 3708; x_wconf 83' lang='lat' dir='ltr'><strong>Atque</strong></span> <span class='ocrx_word' id='word_1_287' title='bbox 795 3637 891 3706; x_wconf 90' lang='lat' dir='ltr'><strong>magis</strong></span> <span class='ocrx_word' id='word_1_288' title='bbox 907 3635 999 3698; x_wconf 88' lang='lat' dir='ltr'><strong>etiam</strong></span> <span class='ocrx_word' id='word_1_289' title='bbox 1024 3635 1103 3692; x_wconf 85' lang='grc'><strong>13313</strong></span> <span class='ocrx_word' id='word_1_290' title='bbox 1119 3633 1294 3690; x_wconf 82' lang='lat' dir='ltr'><strong>conversio·</strong></span> 
     </span>
     <span class='ocr_line' id='line_1_35' title="bbox 228 3721 1293 3801; baseline 0.001 -15"><span class='ocrx_word' id='word_1_291' title='bbox 228 3732 277 3787; x_wconf 88' lang='lat' dir='ltr'><strong>nis</strong></span> <span class='ocrx_word' id='word_1_292' title='bbox 307 3731 405 3788; x_wconf 89' lang='lat' dir='ltr'><strong>sancti</strong></span> <span class='ocrx_word' id='word_1_293' title='bbox 420 3732 507 3789; x_wconf 88' lang='lat' dir='ltr'><strong>Pauli</strong></span> <span class='ocrx_word' id='word_1_294' title='bbox 533 3734 685 3801; x_wconf 79' lang='lat' dir='ltr'><strong>convenit,</strong></span> <span class='ocrx_word' id='word_1_295' title='bbox 702 3733 752 3790; x_wconf 94' lang='lat' dir='ltr'><strong>cui</strong></span> <span class='ocrx_word' id='word_1_296' title='bbox 778 3733 857 3791; x_wconf 89' lang='grc'><strong>13313</strong></span> <span class='ocrx_word' id='word_1_297' title='bbox 871 3721 1055 3790; x_wconf 86' lang='lat' dir='ltr'><strong>adscribitur</strong></span> <span class='ocrx_word' id='word_1_298' title='bbox 1088 3732 1122 3787; x_wconf 90' lang='lat' dir='ltr'><strong>iu</strong></span> <span class='ocrx_word' id='word_1_299' title='bbox 1135 3730 1293 3788; x_wconf 75' lang='lat' dir='ltr'><strong>breviario</strong></span> 
     </span>
     <span class='ocr_line' id='line_1_36' title="bbox 228 3829 1294 3904; baseline 0.001 -21"><span class='ocrx_word' id='word_1_300' title='bbox 228 3829 440 3885; x_wconf 76' lang='lat' dir='ltr'><strong>paraclitensi.</strong></span> <span class='ocrx_word' id='word_1_301' title='bbox 456 3832 627 3901; x_wconf 84' lang='lat' dir='ltr'><strong>Praeterea,</strong></span> <span class='ocrx_word' id='word_1_302' title='bbox 654 3832 803 3904; x_wconf 89' lang='lat' dir='ltr'><strong>quidquid</strong></span> <span class='ocrx_word' id='word_1_303' title='bbox 815 3832 872 3888; x_wconf 92' lang='lat' dir='ltr'><strong>hoc</strong></span> <span class='ocrx_word' id='word_1_304' title='bbox 896 3831 1010 3901; x_wconf 89' lang='lat' dir='ltr'><strong>hymno</strong></span> <span class='ocrx_word' id='word_1_305' title='bbox 1035 3830 1127 3901; x_wconf 89' lang='lat' dir='ltr'><strong>canit,</strong></span> <span class='ocrx_word' id='word_1_306' title='bbox 1142 3829 1174 3886; x_wconf 92' lang='lat' dir='ltr'><strong>id</strong></span> <span class='ocrx_word' id='word_1_307' title='bbox 1203 3842 1294 3886; x_wconf 90' lang='lat' dir='ltr'><strong>omne</strong></span> 
     </span>
     <span class='ocr_line' id='line_1_37' title="bbox 226 3925 1294 4001; baseline 0.003 -20"><span class='ocrx_word' id='word_1_308' title='bbox 226 3925 297 3982; x_wconf 83' lang='lat' dir='ltr'><strong>tuse</strong></span> <span class='ocrx_word' id='word_1_309' title='bbox 320 3927 542 3999; x_wconf 84' lang='lat' dir='ltr'><strong>enucleateque</strong></span> <span class='ocrx_word' id='word_1_310' title='bbox 569 3928 663 3986; x_wconf 91' lang='lat' dir='ltr'><strong>tradit</strong></span> <span class='ocrx_word' id='word_1_311' title='bbox 686 3930 874 3988; x_wconf 74' lang='lat' dir='ltr'><strong>abaelardus</strong></span> <span class='ocrx_word' id='word_1_312' title='bbox 899 3945 1041 3990; x_wconf 88' lang='lat' dir='ltr'><strong>sermone</strong></span> <span class='ocrx_word' id='word_1_313' title='bbox 1069 3931 1165 4000; x_wconf 78' lang='lat' dir='ltr'><strong>XXV,</strong></span> <span class='ocrx_word' id='word_1_314' title='bbox 1183 3927 1237 4001; x_wconf 91' lang='lat' dir='ltr'><strong>qui</strong></span> <span class='ocrx_word' id='word_1_315' title='bbox 1256 3927 1294 3985; x_wconf 91' lang='lat' dir='ltr'><strong>de</strong></span> 
     </span>
     <span class='ocr_line' id='line_1_38' title="bbox 227 4023 1293 4104; baseline 0 -24"><span class='ocrx_word' id='word_1_316' title='bbox 227 4023 431 4081; x_wconf 86' lang='lat' dir='ltr'><strong>conversione</strong></span> <span class='ocrx_word' id='word_1_317' title='bbox 450 4025 547 4081; x_wconf 88' lang='lat' dir='ltr'><strong>sancti</strong></span> <span class='ocrx_word' id='word_1_318' title='bbox 570 4027 658 4083; x_wconf 88' lang='lat' dir='ltr'><strong>Pauli</strong></span> <span class='ocrx_word' id='word_1_319' title='bbox 672 4027 869 4084; x_wconf 69' lang='lat' dir='ltr'><strong>inscribitur.v</strong></span> <span class='ocrx_word' id='word_1_320' title='bbox 886 4059 923 4068; x_wconf 83' lang='lat'><em>-</em></span> <span class='ocrx_word' id='word_1_321' title='bbox 937 4029 964 4098; x_wconf 91' lang='lat'><strong>1,</strong></span> <span class='ocrx_word' id='word_1_322' title='bbox 977 4030 1005 4084; x_wconf 86' lang='lat'><strong>2.</strong></span> <span class='ocrx_word' id='word_1_323' title='bbox 1022 4030 1136 4104; x_wconf 87' lang='lat' dir='ltr'><strong>Locum</strong></span> <span class='ocrx_word' id='word_1_324' title='bbox 1156 4027 1189 4082; x_wconf 90' lang='grc'><strong>13</strong></span> <span class='ocrx_word' id='word_1_325' title='bbox 1211 4024 1293 4082; x_wconf 82' lang='grc'><strong>11313</strong></span> 
     </span>
     <span class='ocr_line' id='line_1_39' title="bbox 230 4121 1294 4193; baseline 0.001 -16"><span class='ocrx_word' id='word_1_326' title='bbox 230 4135 371 4177; x_wconf 87' lang='lat' dir='ltr'><strong>sermone</strong></span> <span class='ocrx_word' id='word_1_327' title='bbox 400 4134 438 4177; x_wconf 88' lang='lat' dir='ltr'><strong>ex</strong></span> <span class='ocrx_word' id='word_1_328' title='bbox 464 4121 650 4193; x_wconf 85' lang='lat' dir='ltr'><strong>Hieronymo</strong></span> <span class='ocrx_word' id='word_1_329' title='bbox 666 4125 704 4181; x_wconf 92' lang='lat' dir='ltr'><strong>ad</strong></span> <span class='ocrx_word' id='word_1_330' title='bbox 731 4124 956 4182; x_wconf 90' lang='lat' dir='ltr'><strong>Pammachium</strong></span> <span class='ocrx_word' id='word_1_331' title='bbox 985 4124 1138 4181; x_wconf 89' lang='lat' dir='ltr'><strong>scribente</strong></span> <span class='ocrx_word' id='word_1_332' title='bbox 1155 4122 1294 4193; x_wconf 87' lang='lat' dir='ltr'><strong>excerpit</strong></span> 
     </span>
     <span class='ocr_line' id='line_1_40' title="bbox 228 4218 1294 4293; baseline 0.003 -18"><span class='ocrx_word' id='word_1_333' title='bbox 228 4218 426 4289; x_wconf 88' lang='lat' dir='ltr'><strong>Abaelardus,</strong></span> <span class='ocrx_word' id='word_1_334' title='bbox 441 4219 494 4277; x_wconf 89' lang='lat' dir='ltr'><strong>ubi</strong></span> <span class='ocrx_word' id='word_1_335' title='bbox 509 4219 552 4277; x_wconf 94' lang='lat' dir='ltr'><strong>ait</strong></span> <span class='ocrx_word' id='word_1_336' title='bbox 567 4239 574 4276; x_wconf 94' lang='lat'><strong>:</strong></span> <span class='ocrx_word' id='word_1_337' title='bbox 590 4222 720 4279; x_wconf 87' lang='lat' dir='ltr'><strong>Paulum</strong></span> <span class='ocrx_word' id='word_1_338' title='bbox 741 4223 913 4292; x_wconf 86' lang='lat' dir='ltr'><strong>apostolum</strong></span> <span class='ocrx_word' id='word_1_339' title='bbox 941 4222 1185 4293; x_wconf 83' lang='lat' dir='ltr'><strong>quotiescunque</strong></span> <span class='ocrx_word' id='word_1_340' title='bbox 1208 4221 1294 4291; x_wconf 87' lang='lat' dir='ltr'><strong>lego,</strong></span> 
     </span>
    </p>
   </div>
   <div class='ocr_carea' id='block_1_5' title="bbox 0 0 1512 5048">
    <p class='ocr_par' dir='ltr' id='par_1_9' title="bbox 0 0 1512 5048">
     <span class='ocr_line' id='line_1_41' title="bbox 0 0 1512 5048; baseline 0 0"><span class='ocrx_word' id='word_1_341' title='bbox 0 0 1512 5048; x_wconf 95' lang='lat' dir='ltr'><strong> </strong></span> 
     </span>
    </p>
   </div>
  </div>
 </body>
</html>
