2992 5048
678 414 841 471 ...263-

222 540 380 597 lossenses
402 537 441 607 (l,
464 534 509 600 let
530 536 668 594 scribens
683 536 725 593 ait
752 534 873 594 :estve
897 534 1019 593 Thront
1038 534 1103 592 cive
1118 536 1287 593 Potestotes

223 635 288 694 sive
314 630 526 703 principatus
550 633 614 689 rive
639 632 892 691 Dotninctioncs.
918 635 996 690 Dum
1026 647 1100 703 ergo
1126 632 1190 690 illis
1216 646 1291 704 qua·

224 736 306 803 tuor,
326 745 405 804 quae
424 729 463 788 ad
478 729 627 800 Ephesios
642 728 729 798 dixit,
749 729 979 800 conjunguntur
1002 729 1126 799 Throni,
1153 730 1292 802 quinque

227 835 301 888 sunt
325 828 471 894 ordines;
494 825 606 896 quihus
630 825 704 883 dum
722 825 833 896 Angeli
855 829 886 883 et
906 826 1103 896 Archangeli,
1131 826 1295 885 cheruhim

227 930 320 998 atquc
334 922 492 995 seraphim
506 919 650 990 adjuncta
662 923 744 989 sunt,
755 922 865 992 procul
878 920 971 978 duhio
986 936 1100 980 novem
1114 938 1182 982 esse
1194 927 1293 995 Ange·

227 1025 329 1081 lorum
340 1021 463 1079 ordines
478 1017 678 1074 inveniuntur
690 1017 775 1084 ›.Qui
784 1019 882 1088 locus,
894 1033 955 1090 qua
964 1018 1015 1075 via
1029 1033 1151 1093 quaque
1161 1021 1292 1090 ratione,

227 1119 282 1177 sed
296 1123 327 1177 et
341 1132 402 1190 quo
414 1115 487 1186 jure
497 1113 540 1171 ‘ad
554 1128 666 1171 novem
676 1113 799 1171 ordines
812 1114 990 1172 statuendos
1014 1119 1141 1174 ventum
1158 1118 1207 1187 sit,
1224 1133 1295 1188 gra·

223 1213 314 1287 phice
329 1213 440 1287 pingit.
465 1210 628 1267 Dehorum
640 1208 815 1266 nominihus
832 1211 924 1281 atque
954 1210 1063 1268 officiis
1078 1211 1184 1269 center
1198 1227 1290 1284 prae·

224 1313 274 1369 ter
288 1311 348 1368 alia
360 1309 457 1366 multa
469 1306 596 1373 Monel,
611 1304 664 1361 438
675 1322 684 1372 ;
695 1306 841 1362 Analecta
855 1306 997 1376 hymnica
1013 1307 1065 1376 lX,
1081 1308 1136 1364 276
1150 1323 1221 1381 sqq.

261 1407 426 1466 LXXXIII.
442 1434 479 1445 —
493 1405 525 1470 C,
538 1402 593 1460 fol.
610 1402 663 1459 188
675 1401 706 1458 h.
728 1433 763 1445 -
776 1401 932 1460 doemones
944 1403 1097 1461 variantes
1114 1422 1122 1459 :
1136 1406 1164 1475 2,
1179 1407 1207 1474 5,
1218 1421 1291 1478 per·

224 1502 398 1570 solvantur,
414 1500 444 1556 G.
461 1528 497 1538 —
510 1497 539 1568 3,
558 1497 586 1550 2.
598 1494 686 1554 omni
701 1495 798 1553 nostri
809 1494 875 1552 sive
898 1496 1021 1567 Christi,
1037 1500 1074 1560 Gt
1098 1498 1185 1555 locus
1209 1503 1292 1557 certe

224 1600 398 1670 corruptus.
422 1597 484 1652 Cur
503 1592 558 1650 Dei
583 1591 683 1648 nostri
704 1591 843 1663 legerim,
866 1593 968 1651 statim
991 1593 1024 1649 in
1044 1593 1232 1652 Adnotandis
1253 1595 1293 1653 ad

223 1696 306 1752 hunc
319 1705 446 1750 versum
461 1689 587 1763 patchit3
602 1687 681 1745 forte
696 1689 786 1746 etiam
795 1689 1087 1762 Domnilegendum
1096 1696 1131 1750 ut
1146 1706 1206 1750 one
1220 1692 1292 1766 quis

225 1789 386 1860 scripserit
398 1801 456 1860 pro
472 1781 689 1856 dne(domini),
700 1800 779 1856 quae
789 1786 979 1858 yoxrhytmo
994 1786 1025 1843 id
1035 1788 1175 1858 exigente
1194 1788 1291 1846 corri-

227 1886 341 1958 pienda
354 1884 448 1942 foret.

258 1983 456 2041 Adnotanda:
481 1982 509 2052 1,
524 1983 552 2051 2,
566 1979 699 2037 Sabaoth
723 1974 841 2068 (nlttqtl
856 1981 969 2052 quippe
980 1981 1159 2039 Dominum
1172 1981 1292 2039 accerci-

224 2084 320 2137 tuum
334 2081 587 2152 interpretantur.
604 2107 640 2120 -
652 2079 680 2148 2,
700 2079 714 2134 1
729 2081 810 2136 Haec
818 2061 860 2134 'ex
872 2078 1056 2150 Apocalypsi
1068 2080 1141 2147 12,7
1156 2093 1222 2152 sqq.
1238 2080 1291 2138 de·

226 2181 349 2250 sumpta
366 2181 448 2234 sunt.
460 2205 496 2219 -·
510 2177 538 2246 3,
559 2178 573 2232 1
600 2190 668 2246 sqq.
689 2178 752 2232 Hoc
766 2176 917 2232 canticum
941 2175 1115 2232 victricium
1139 2176 1196 2233 suh
1213 2177 1292 2238 duce

223 2275 374 2332 Michaele
388 2275 568 2344 angelorum
579 2286 615 2328 ex
629 2271 736 2329 eodem
750 2273 848 2345 capite
856 2273 1058 2344 Apocalypsis
1072 2288 1169 2332 versu
1184 2276 1228 2332 10.
1239 2274 1291 2333 de·

218 2374 420 2443 promptum:
441 2372 480 2426 ut
494 2367 610 2426 audivi
627 2382 736 2426 vocem
757 2382 915 2438 mayncm
936 2368 1078 2427 incocto
1104 2370 1289 2429 dicentem:

218 2469 392 2527 liuueiaeta
405 2473 454 2524 cst
472 2467 553 2523 salus
564 2470 596 2523 et
610 2465 708 2522 virtus
722 2470 754 2524 et
765 2480 890 2538 requam
909 2465 963 2525 nei
984 2466 1084 2523 nostri
1100 2473 1133 2524 et
1151 2474 1288 2539 potestas

219 2564 328 2622 christi
347 2565 422 2637 ejus,
445 2561 515 2634 quia
534 2562 688 2634 projectas
712 2569 758 2620 est
780 2567 939 2619 aecusator
958 2562 1088 2621 tratrem
1101 2569 1285 2638 nostrorum,

219 2659 276 2732 qui
290 2660 464 2716 accusabat
474 2656 546 2713 illos
561 2660 636 2712 ante
648 2662 853 2726 conspectum
864 2655 923 2714 Dei
942 2658 1047 2714 nostri
1060 2658 1112 2716 dic
1126 2674 1167 2717 ac
1181 2667 1283 2720 nocte.

256 2756 416 2814 LXXXlV.
427 2784 465 2795 -
478 2756 511 2819 C,
526 2752 579 2809 fol.
592 2755 687 2812 1881).
705 2787 739 2796 —
750 2755 906 2812 Lectiones
915 2756 1078 2813 variantes:
1089 2759 1123 2828 ’2,
1136 2759 1164 2827 3,
1172 2758 1285 2816 deferri

212 2856 251 2911 d.
266 2882 301 2894 -
314 2851 494 2910 Adnotanda:
511 2851 571 2919 1,·1.
585 2851 702 2917 Quisut
714 2855 806 2922 Deus,
816 2853 948 2910 nominis
963 2853 1103 2910 Michaei
1116 2855 1288 2913 adliteram

217 2952 333 3009 versio.
346 2953 465 3017 Cetera,
480 2965 560 3020 quae
581 2950 614 3007 in
639 2950 751 3019 hymno
778 2953 955 3018 occurrunt,
982 2953 1045 3007 tam
1059 2953 1153 3023 plana
1180 2955 1283 3011 omnia

218 3055 343 3122 tamque
358 3052 465 3122 operta
486 3053 568 3122 sunt,
583 3054 619 3108 ut
632 3050 697 3107 ulla
712 3065 767 3106 seu
782 3050 982 3121 explicatione
1012 3067 1067 3109 seu
1079 3052 1287 3110 illustratione

213 3146 279 3204 'non
294 3137 460 3214 indigeant.
1127 3223 1129 3227 y

254 3245 404 3301 LXXXV.
420 3245 500 3312 -B,
515 3242 568 3300 foi.
583 3241 619 3298 92
633 3241 672 3310 h3
687 3244 719 3308 G,
735 3241 788 3298 iol.
800 3244 854 3298 207
866 3243 896 3300 h.
907 3274 944 3284 -
957 3244 1113 3302 Lectiones
1123 3247 1283 3306 variantes:

216 3341 244 3409 2,
261 3340 286 3395 1.
301 3338 361 3395 Alii
376 3335 523 3406 signiferi,
540 3339 573 3393 Β.
587 3367 624 3377 -
637 3337 665 3406 i,
680 3337 708 3392 3.
724 3336 842 3391 Pariter
855 3337 946 3406 patri,
961 3339 996 3403 B;
1009 3338 1148 3397 ordinem
1158 3341 1285 3400 invertit

217 3435 300 3491 Pitra
315 3438 443 3491 streete
458 3434 582 3505 quidem
595 3433 650 3491 sed
665 3435 751 3491 nulla
765 3434 883 3504 adjecta
897 3438 980 3491 nota.

251 3525 446 3583 tdnotanda:
476 3526 587 3596 Hymni
602 3540 620 3581 a
634 3528 751 3583 LXXV.
778 3526 816 3583 ad
839 3528 930 3584 xcii.
960 3527 998 3584 ad
1022 3543 1161 3586 normam
1190 3534 1282 3589 metri

216 3622 298 3694 quod
313 3622 504 3692 subjicimus,
521 3621 651 3679 confecti
664 3627 745 3679 sunt.
761 3625 819 3680 Ter
832 3622 932 3680 tamen
947 3626 1067 3681 ametri
1087 3627 1158 3696 lege
1177 3642 1281 3686 reces-

213 3718 253 3774 sit
267 3721 383 3787 auctor,
398 3716 445 3774 bis
460 3717 619 3788 inpriore,
635 3719 730 3774 semel
743 3719 776 3774 in
789 3720 885 3776 altera
897 3734 1046 3778 versuum
1060 3727 1164 3793 parte.
1282 3759 1287 3783 l

504 3947 984 4039 ι-ι-Ἶι-ι-ια

501 4063 987 4154 ι-ι-ιΙι-ι-ια

503 4179 990 4270 ι-ι-ιΙι-ι-ια
