2992 5048
686 427 828 484 ..50-

692 631 817 700 XXVII

627 803 736 872 qun
763 820 884 870 snxrn.

649 941 694 995 Ad
705 923 709 934 ’
721 945 869 1007 vesperas.

234 1119 265 1184 tu
319 1117 365 1186 Ite
380 1124 477 1186 enstn
496 1114 562 1184 viri
576 1116 645 1184 fit*
662 1113 765 1204 sopiti
784 1113 912 1183 semina
931 1133 939 1181 t
1006 1136 1007 1139 ¹

320 1232 387 1303 Ubi
404 1233 530 1303 Christi
545 1251 672 1322 sponsa
690 1230 706 1267 *
725 1231 800 1320 ejus
819 1228 975 1312 ecclesia,
1033 1244 1036 1249 ·

320 1350 412 1419 Mors
426 1348 554 1421 Christi
573 1355 751 1439 superest,
771 1348 788 1385 ‘⁸‘
807 1346 849 1416 de
866 1345 966 1435 cujus
979 1344 1088 1414 latera

313 1463 384 1535 Nos
402 1465 546 1535 mundat
560 1463 848 1554 prodiens*aqua
861 1482 942 1532 cum
961 1459 1143 1552 sanguine.

223 1697 256 1762 2.
311 1693 373 1764 Rei
387 1695 604 1784 cujuslibet*
624 1695 701 1781 ejus
723 1692 910 1783 imaginem

311 1812 520 1901 Expressam
538 1810 686 1879 dicimus
703 1809 720 1845 *
737 1807 1017 1890 similitudinem,

311 1924 408 2003 Quod
426 1945 508 1995 vero
526 1923 750 2016 quamlibet*
768 1944 843 1993 rem
863 1944 990 1993 munus
1009 1921 1187 2013 exprimit,

312 2041 591 2112 Similitudinis*
606 2062 732 2111 nomen
748 2062 816 2111 non
835 2043 976 2132 refugit.

224 2267 259 2334 3.
315 2263 439 2333 Virum
457 2273 491 2335 et
503 2265 650 2334 seminas
667 2264 858 2355 *praeesse
872 2263 1045 2347 novimus,

315 2380 400 2469 Ejus
410 2379 457 2448 de
475 2399 616 2471 corpora
633 2378 650 2414 *
667 2401 773 2470 quam
791 2379 941 2470 sumpsit
959 2379 1139 2462 Dominus

319 2495 408 2564 Hinc
421 2495 482 2564 Dei
499 2495 643 2565 dicimus
661 2496 810 2565 *virum
827 2494 1017 2586 imaginem

317 2611 469 2700 EJusque
488 2611 647 2679 seminam
665 2609 681 2647 *
697 2610 972 2681 similitudinem.

227 2840 284 2909 a„
321 2838 395 2916 Qun
414 2860 536 2928 nempe
555 2840 664 2928 major
682 2839 764 2909 est*
780 2840 849 2909 viri
863 2839 1062 2911 sublimitas

316 2956 431 3045 Atque
449 2952 652 3044 potentiae*
671 2954 847 3043 praecellit
864 2955 1030 3046 dignitas,

317 3069 367 3138 En
385 3069 442 3137 vir
454 3070 602 3159 amplius
619 3069 636 3107 *
655 3077 706 3140 est
727 3072 795 3141 Deo
814 3055 950 3156 similis,

317 3186 406 3254 Cum
424 3185 513 3255 hanc
532 3194 566 3256 et
583 3187 670 3256 ratio
687 3189 704 3226 *
722 3194 912 3292 praeponat
943 3186 1083 3256 ceteris.

223 3404 266 3481 r,
321 3406 471 3477 Perenni
486 3408 629 3477 Domino
647 3408 664 3444 *
680 3428 803 3498 perpes
822 3408 867 3477 sit
885 3407 1009 3498 gloria,

317 3519 370 3588 Ex
383 3541 452 3610 quo
470 3529 563 3606 sunt,
582 3539 645 3612 per
663 3542 765 3613 quem
784 3521 952 3609 sunt,*tn
969 3541 1038 3613 qun
1056 3520 1288 3591 suntomnia:

320 3633 372 3702 Ex
395 3656 464 3725 quo
482 3642 576 3719 sunt,
597 3638 688 3707 Deus
703 3643 767 3720 est,
786 3636 878 3727 *per
895 3657 1000 3728 quem
1018 3642 1102 3706 sunt
1116 3635 1223 3721 titius,

320 3750 444 3840 inquo
462 3761 556 3834 sunt,
577 3752 684 3843 patris
703 3753 767 3824 et*
784 3753 847 3822 tilii
866 3754 1023 3845 spiritus.

637 4119 902 4134 *—
