2992 5048
707 472 745 483 -
763 440 799 497 pp
816 471 853 482 -

242 569 293 645 pet
306 561 420 645 incisor
433 561 511 644 (eo),
523 568 554 626 et
568 562 596 627 si
621 563 676 647 qui
691 572 765 629 sunt
779 564 973 646 hujusmodi,
987 563 1048 647 ipsi
1069 583 1126 628 nos
1141 562 1305 632 instruunt

243 671 365 753 hymni,
383 690 446 752 quo
465 678 600 754 tempora
622 675 688 738 sint
703 674 862 750 cantandi,
891 681 937 762 pt,
965 674 993 737 si
1016 674 1061 738 eis
1080 675 1225 740 videlicet
1251 696 1309 741 sua

242 786 384 859 tempora
400 797 462 842 non
474 779 686 858 observemus,
701 782 735 845 in
748 781 817 865 ipsa
831 799 942 846 eorum
957 781 1132 863 prolatione
1142 784 1309 848 mendaces

244 884 453 949 inveniamur.
475 887 565 950 Hanc
581 895 684 951 tamen
699 887 936 952 observantiam
953 892 1095 951 nontam
1115 889 1309 969 negligentia

243 994 429 1074 plerumque
442 993 522 1057 tollit
536 1013 632 1076 quam
647 995 819 1066 necessitas
827 995 934 1076 aliqua
948 994 997 1057 vel
1012 993 1204 1075 dispensatio
1219 1009 1308 1073 prae-

245 1097 345 1178 pedit;
358 1096 442 1179 quod
457 1098 591 1162 maxime
606 1097 639 1161 in
653 1098 887 1180 parochialibus
900 1116 956 1162 seu
979 1096 1155 1160 minorihus
1169 1095 1310 1160 ecclesiis

245 1209 371 1285 propter
384 1203 470 1286 ipsas
483 1205 623 1286 plebium
635 1205 857 1288 occupationes
874 1202 1013 1285 quotidie
1029 1202 1096 1266 fieri
1110 1219 1237 1265 necesse
1248 1207 1309 1278 est,

244 1306 277 1370 in
290 1308 514 1389 quibusomnia
525 1315 555 1374 et
570 1308 632 1374 lere
641 1310 995 1390 continuoperaguntur
1005 1309 1037 1371 in
1051 1308 1113 1370 die.
1126 1308 1191 1370 Nec
1205 1309 1308 1371 solum

244 1421 384 1496 tempora
404 1434 466 1480 non
487 1415 652 1481 observata
678 1415 878 1481 mendacium
899 1415 1059 1496 ingerunt,
1082 1433 1191 1479 verum
1214 1414 1312 1479 etiam

244 1523 441 1603 quorundam
464 1523 657 1606 hymnorum
672 1524 910 1605 compositones,
937 1523 985 1586 vol
1010 1540 1048 1585 ex
1064 1521 1184 1603 proprii
1211 1521 1308 1585 animi

244 1628 484 1710 compunctione
498 1631 618 1694 alienos
635 1637 820 1712 pensantes,
836 1629 886 1694 vel
902 1629 1097 1712 improvidae
1118 1628 1224 1693 studio
1241 1627 1309 1710 pie-

250 1735 325 1799 tatis
336 1736 484 1800 extollere
496 1737 808 1819 sanctoscupientes‚
824 1737 858 1800 in
876 1736 1034 1819 aliquibus
1051 1735 1094 1798 ita
1109 1734 1240 1799 modum
1252 1753 1311 1799 ex-

244 1846 416 1915 cesserunt,
433 1847 588 1906 utcontra
614 1842 718 1926 ipsam
741 1849 880 1907 nostram
894 1841 1116 1906 conscientiam
1143 1840 1250 1922 aliqua
1275 1840 1308 1904 in

245 1944 323 2025 ipsis
338 1945 465 2027 saepius
484 1946 679 2028 proteramus
694 1955 857 2029 tamquam
872 1946 1032 2011 averitate
1047 1964 1177 2027 pmrsus
1189 1945 1305 2010 aliena.

253 2050 441 2116 Paucissimi
460 2053 579 2134 quippe
594 2059 679 2131 sunt,
693 2053 752 2134 qui
766 2051 1039 2133 contemplationis
1053 2052 1165 2116 ardore
1175 2052 1224 2115 vel
1237 2069 1308 2133 pec·

250 2165 377 2222 aterum
401 2177 531 2223 suorum
551 2159 789 2241 compunctione
815 2159 925 2222 ssantes
948 2178 983 2223 ao
1000 2165 1162 2240 gementes
1185 2158 1239 2222 illa
1261 2159 1314 2223 di-

250 2281 311 2343 gne
327 2265 451 2328 valeant
464 2266 630 2330 decantare
647 2286 654 2328 ε
672 2267 787 2328 Preces
810 2273 970 2347 gementes
985 2265 1168 2348 fundimus,
1185 2267 1310 2328 dimitte

245 2372 330 2451 quod
339 2373 542 2450 peccavimus
555 2348 667 2454 (ilict
680 2373 795 2436 iterum
810 2372 969 2435 :Nostros
987 2374 1064 2454 pius
1083 2391 1159 2434 cum
1175 2373 1310 2435 conticis

244 2480 337 2556 [tetus
357 2477 488 2560 bonipoe
502 2481 627 2559 suscipe
651 2478 719 2561 (m)
733 2484 764 2541 et
777 2478 905 2556 similia,
934 2496 1016 2560 quae
1035 2473 1125 2542 'sicut
1146 2477 1253 2542 electis
1267 2478 1311 2541 ita

245 2583 353 2664 paucis
366 2584 565 2647 conveniunt.
579 2585 648 2660 Qua
663 2584 769 2648 etiam
792 2585 1048 2666 praesumptione
1062 2583 1200 2663 singulis
1216 2583 1311 2647 annis

244 2687 407 2752 decantare
428 2706 491 2752 uon
519 2708 665 2753 veremur
693 2709 701 2753 ε
732 2690 884 2767 Martiae,
904 2710 968 2772 por
995 2689 1147 2771 apostolis
1170 2689 1237 2771 (23)
1262 2689 1311 2751 vel

248 2793 390 2876 singulos
403 2794 592 2859 confessores
606 2795 812 2860 immoderate
839 2796 878 2860 de
901 2795 1065 2859 miraculis
1092 2794 1310 2877 glorificantes

251 2899 412 2965 dicamus:

387 3059 437 3114 Aoi
449 3072 582 3114 socrum
601 3061 694 3128 cujus
715 3061 879 3114 tumulum
895 3060 1079 3130 frequenter

388 3156 533 3211 Membro
545 3158 760 3225 lonpuentum
775 3156 870 3212 modo
890 3152 1036 3225 sanitati,

391 3252 532 3314 Quolibet
542 3254 639 3310 modo
650 3251 775 3321 suerint
787 3252 929 3323 pronati,

459 3347 682 3406 Restituumtur
693 3347 761 3422 (24),
846 3359 850 3364 ·

245 3490 389 3558 discretio
401 3503 505 3559 vestra
515 3495 675 3577 dijudicet.
686 3497 745 3559 His
759 3497 807 3561 vel
821 3497 1038 3562 consimilibus
1050 3502 1226 3561 vestrarum
1239 3512 1309 3576 per·

246 3600 446 3665 suasionibus
460 3603 619 3666 rationum
627 3602 668 3666 ad
682 3603 865 3667 scribendos
880 3623 937 3685 per
952 3611 1051 3669 totum
1067 3603 1142 3667 anni
1155 3600 1308 3667 circulum

244 3703 380 3788 hymnos
395 3708 538 3772 animum
554 3716 706 3773 nostrum
721 3717 849 3774 vestrae
863 3711 1053 3775 reverentiae
1074 3710 1227 3774 sanctitas
1240 3727 1309 3772 com

243 3811 335 3890 pulit.
361 3813 399 3876 In
423 3813 483 3879 hoc
509 3815 617 3896 itaque
648 3814 725 3878 mihi
763 3815 853 3879 vobis
882 3817 1145 3899 supplicantibus,
1174 3833 1309 3897 sponsae

243 3915 360 3987 Christi
373 3920 422 3983 vel
439 3920 583 3999 ancillae,
600 3928 632 3985 et
645 3941 703 3985 nos
718 3940 735 3985 e
750 3940 900 3985 converso
909 3921 1000 3986 vohis
1014 3922 1241 4004 supplicamus,
1258 3928 1306 3997 ut,

242 4023 326 4103 quod
341 4026 458 4091 nostris
470 4046 551 4092 onus
562 4029 760 4111 imposuistis
773 4029 923 4106 humeris,
941 4035 1116 4095 vestrarum
1130 4027 1306 4093 orationum

243 4130 389 4196 manibus
402 4134 583 4213 sublevetis,
600 4144 646 4215 ut,
664 4137 717 4218 qui
733 4136 865 4200 seminat
890 4144 920 4200 et
936 4138 992 4219 qui
1007 4136 1106 4215 metit,
1124 4135 1220 4198 simul
1234 4152 1308 4215 ope-

242 4235 345 4299 'rantes
358 4240 590 4321 congaudeant.
