2992 5048
577 443 722 534 j-59-

593 637 701 705 XXVI

520 803 629 873 anrn
660 824 783 874 ssxrt.

561 941 606 993 Ad
622 942 744 994 Laudes.

123 1133 154 1200 i.
212 1135 404 1205 Sextatam
424 1137 605 1207 hominum
627 1136 758 1206 *netas
772 1155 879 1225 quom
899 1141 1094 1222 temporum

212 1250 302 1319 Meta
321 1251 376 1320 vel
399 1253 480 1322 finis
498 1260 551 1322 est
567 1255 584 1291 *
604 1259 758 1321 aetatum
777 1248 945 1334 omnium,

207 1364 302 1434 Finis
321 1367 532 1456 perficiens*
552 1368 723 1436 bonorum
738 1368 896 1437 Christus
915 1372 979 1449 est,

208 1482 329 1550 Aetate
347 1482 506 1551 saeculi*
524 1489 622 1552 sextu
641 1484 701 1572 qui
721 1502 845 1573 passus
867 1488 936 1551 est.

122 1688 156 1754 2.
215 1689 326 1776 Ipsius
341 1692 455 1780 passio
474 1698 490 1735 *
506 1700 623 1761 nostre
642 1690 848 1780 redemptio,

212 1806 387 1875 Bonorum
404 1807 585 1876 omnium*
599 1816 633 1878 et
652 1807 914 1891 consummatio,

213 1922 349 1990 Saturis.
360 1930 473 1992 cetera
491 1925 602 1993 *sunt
620 1922 839 2000 adminicula,

212 2035 305 2105 Haeo
322 2044 375 2106 est
391 2038 599 2127 completio*
623 2039 745 2107 salutis
769 2035 895 2105 hostia.

130 2254 162 2321 3.
219 2257 291 2326 Hae
309 2256 365 2325 die
382 2257 540 2328 conditus
558 2262 574 2299 *
593 2259 693 2327 homo
713 2279 750 2327 se
769 2257 936 2347 perdidit,

214 2370 341 2438 Eadem
355 2371 540 2440 eonditor*
559 2372 674 2461 ipsum
694 2373 861 2456 restituit,

213 2486 356 2573 Propter
375 2507 478 2575 quem
497 2486 672 2556 subiens*
689 2487 803 2557 crucis
826 2484 1066 2576 suspendium,

214 2599 259 2666 Ut
277 2618 415 2667 servum
436 2599 595 2684 redimat,
614 2599 630 2635 *
648 2621 686 2669 se
699 2599 794 2671 dedit
808 2601 973 2690 pretium.

122 2813 153 2880 d.
211 2814 357 2883 Perenni
373 2815 546 2886 Domino*
564 2836 688 2907 perpes
707 2816 751 2885 sit
770 2815 914 2903 glorio,-

210 2929 260 2995 Ex
273 2949 340 3018 quo
354 2937 728 3020 sunt,perquemsunt,
744 2937 883 3017 *inquo
899 2936 980 2998 sunt
994 2927 1112 2996 omnin
1128 2945 1138 2992 τ

212 3043 262 3110 Ex
276 3064 343 3132 quo
363 3054 455 3131 sunt,
477 3055 575 3135 pater
593 3052 657 3130 est,
670 3043 686 3078 *
701 3064 876 3132 perquem
887 3052 982 3128 sunt,
998 3041 1104 3121 filius,

209 3157 248 3223 In
271 3178 339 3246 quo
355 3168 447 3246 sunt,
469 3161 577 3250 petris
592 3162 653 3227 et*
672 3158 733 3226 fitii
752 3159 910 3247 spiritus.
