<?xml version="1.0" encoding="UTF-8"?>
<!DOCTYPE html PUBLIC "-//W3C//DTD XHTML 1.0 Transitional//EN"
    "http://www.w3.org/TR/xhtml1/DTD/xhtml1-transitional.dtd">
<html xmlns="http://www.w3.org/1999/xhtml" xml:lang="en" lang="en">
 <head>
  <title>
</title>
<meta http-equiv="Content-Type" content="text/html;charset=utf-8" />
  <meta name='ocr-system' content='tesseract 3.04.00' />
  <meta name='ocr-capabilities' content='ocr_page ocr_carea ocr_par ocr_line ocrx_word'/>
</head>
<body>
  <div class='ocr_page' id='page_1' title='image "./petriabaelardip00abelgoog_0049.png"; bbox 0 0 2992 5048; ppageno 0'>
   <div class='ocr_carea' id='block_1_1' title="bbox 598 434 744 639">
    <p class='ocr_par' dir='ltr' id='par_1_1' title="bbox 598 434 744 639">
     <span class='ocr_line' id='line_1_1' title="bbox 598 434 744 490; baseline 0.007 -17"><span class='ocrx_word' id='word_1_1' title='bbox 598 434 744 490; x_wconf 70' lang='lat'>-34..</span> 
     </span>
     <span class='ocr_line' id='line_1_2' title="bbox 649 573 681 639; baseline 0 0"><span class='ocrx_word' id='word_1_2' title='bbox 649 573 681 639; x_wconf 94' lang='lat' dir='ltr'>V</span> 
     </span>
    </p>
   </div>
   <div class='ocr_carea' id='block_1_2' title="bbox 529 714 806 782">
    <p class='ocr_par' dir='ltr' id='par_1_2' title="bbox 529 714 806 782">
     <span class='ocr_line' id='line_1_3' title="bbox 529 714 806 782; baseline 0.007 -2"><span class='ocrx_word' id='word_1_3' title='bbox 529 714 637 781; x_wconf 75' lang='lat' dir='ltr'>Fama</span> <span class='ocrx_word' id='word_1_4' title='bbox 664 733 806 782; x_wconf 76' lang='lat' dir='ltr'>raama-.-</span> 
     </span>
    </p>
   </div>
   <div class='ocr_carea' id='block_1_3' title="bbox 552 851 799 905">
    <p class='ocr_par' dir='ltr' id='par_1_3' title="bbox 552 851 799 905">
     <span class='ocr_line' id='line_1_4' title="bbox 552 851 799 905; baseline 0.008 -2"><span class='ocrx_word' id='word_1_5' title='bbox 552 851 598 904; x_wconf 86' lang='lat' dir='ltr'>Ad</span> <span class='ocrx_word' id='word_1_6' title='bbox 611 854 799 905; x_wconf 84' lang='lat' dir='ltr'>Matutinurn..</span> 
     </span>
    </p>
   </div>
   <div class='ocr_carea' id='block_1_4' title="bbox 274 964 965 1402">
    <p class='ocr_par' dir='ltr' id='par_1_4' title="bbox 274 964 965 1402">
     <span class='ocr_line' id='line_1_5' title="bbox 274 964 749 1037; baseline 0.006 -3"><span class='ocrx_word' id='word_1_7' title='bbox 274 967 306 1034; x_wconf 78' lang='lat' dir='ltr'>i.</span> <span class='ocrx_word' id='word_1_8' title='bbox 365 964 418 1035; x_wconf 85' lang='lat' dir='ltr'>Ad</span> <span class='ocrx_word' id='word_1_9' title='bbox 437 965 559 1035; x_wconf 88' lang='lat' dir='ltr'>laudes</span> <span class='ocrx_word' id='word_1_10' title='bbox 572 966 627 1036; x_wconf 91' lang='lat' dir='ltr'>die</span> <span class='ocrx_word' id='word_1_11' title='bbox 640 968 749 1037; x_wconf 85' lang='lat' dir='ltr'>tertia</span> 
     </span>
     <span class='ocr_line' id='line_1_6' title="bbox 362 1081 832 1172; baseline -0.004 -24"><span class='ocrx_word' id='word_1_12' title='bbox 362 1081 432 1149; x_wconf 89' lang='lat' dir='ltr'>Nos</span> <span class='ocrx_word' id='word_1_13' title='bbox 451 1081 528 1169; x_wconf 85' lang='lat' dir='ltr'>ejus</span> <span class='ocrx_word' id='word_1_14' title='bbox 547 1090 691 1152; x_wconf 91' lang='lat' dir='ltr'>monent</span> <span class='ocrx_word' id='word_1_15' title='bbox 713 1102 832 1172; x_wconf 81' lang='lat' dir='ltr'>opera,</span> 
     </span>
     <span class='ocr_line' id='line_1_7' title="bbox 318 1196 824 1286; baseline 0.002 -21"><span class='ocrx_word' id='word_1_16' title='bbox 318 1196 547 1286; x_wconf 77' lang='lat' dir='ltr'>Congregatis</span> <span class='ocrx_word' id='word_1_17' title='bbox 566 1196 824 1268; x_wconf 81' lang='lat' dir='ltr'>*inferioribus</span> 
     </span>
     <span class='ocr_line' id='line_1_8' title="bbox 319 1313 965 1402; baseline -0.003 -20"><span class='ocrx_word' id='word_1_18' title='bbox 319 1314 430 1402; x_wconf 86' lang='lat' dir='ltr'>Aquis</span> <span class='ocrx_word' id='word_1_19' title='bbox 451 1320 582 1383; x_wconf 87' lang='lat' dir='ltr'>terram</span> <span class='ocrx_word' id='word_1_20' title='bbox 601 1322 617 1359; x_wconf 83' lang='lat'>*</span> <span class='ocrx_word' id='word_1_21' title='bbox 635 1314 766 1384; x_wconf 86' lang='lat' dir='ltr'>detexit</span> <span class='ocrx_word' id='word_1_22' title='bbox 783 1313 965 1384; x_wconf 82' lang='lat' dir='ltr'>Dominus.</span> 
     </span>
    </p>
   </div>
   <div class='ocr_carea' id='block_1_5' title="bbox 272 1456 973 1892">
    <p class='ocr_par' dir='ltr' id='par_1_5' title="bbox 272 1456 973 1892">
     <span class='ocr_line' id='line_1_9' title="bbox 272 1456 808 1545; baseline 0.006 -23"><span class='ocrx_word' id='word_1_23' title='bbox 272 1457 310 1525; x_wconf 58' lang='grc' dir='ltr'>ἲ.</span> <span class='ocrx_word' id='word_1_24' title='bbox 368 1456 475 1524; x_wconf 85' lang='lat' dir='ltr'>Terra</span> <span class='ocrx_word' id='word_1_25' title='bbox 494 1456 630 1526; x_wconf 86' lang='lat' dir='ltr'>detecta</span> <span class='ocrx_word' id='word_1_26' title='bbox 649 1457 808 1545; x_wconf 86' lang='lat' dir='ltr'>pullutat,</span> 
     </span>
     <span class='ocr_line' id='line_1_10' title="bbox 366 1571 929 1662; baseline 0.002 -24"><span class='ocrx_word' id='word_1_27' title='bbox 366 1571 519 1639; x_wconf 85' lang='lat' dir='ltr'>Herbam</span> <span class='ocrx_word' id='word_1_28' title='bbox 537 1579 572 1640; x_wconf 89' lang='lat' dir='ltr'>et</span> <span class='ocrx_word' id='word_1_29' title='bbox 589 1572 726 1662; x_wconf 87' lang='lat' dir='ltr'>lignum</span> <span class='ocrx_word' id='word_1_30' title='bbox 744 1571 929 1660; x_wconf 81' lang='lat' dir='ltr'>germinat,</span> 
     </span>
     <span class='ocr_line' id='line_1_11' title="bbox 319 1684 973 1776; baseline -0.002 -23"><span class='ocrx_word' id='word_1_31' title='bbox 319 1684 429 1754; x_wconf 87' lang='lat' dir='ltr'>Omne</span> <span class='ocrx_word' id='word_1_32' title='bbox 449 1694 593 1776; x_wconf 82' lang='lat' dir='ltr'>genus*</span> <span class='ocrx_word' id='word_1_33' title='bbox 611 1687 739 1756; x_wconf 81' lang='lat' dir='ltr'>herbae</span> <span class='ocrx_word' id='word_1_34' title='bbox 756 1685 973 1776; x_wconf 84' lang='lat' dir='ltr'>producitur,</span> 
     </span>
     <span class='ocr_line' id='line_1_12' title="bbox 322 1802 902 1892; baseline -0.002 -22"><span class='ocrx_word' id='word_1_35' title='bbox 322 1802 431 1870; x_wconf 91' lang='lat' dir='ltr'>Omne</span> <span class='ocrx_word' id='word_1_36' title='bbox 450 1802 536 1890; x_wconf 82' lang='lat' dir='ltr'>ligni</span> <span class='ocrx_word' id='word_1_37' title='bbox 554 1807 570 1844; x_wconf 86' lang='grc'>*</span> <span class='ocrx_word' id='word_1_38' title='bbox 589 1823 700 1892; x_wconf 83' lang='lat' dir='ltr'>genus</span> <span class='ocrx_word' id='word_1_39' title='bbox 719 1802 902 1870; x_wconf 72' lang='lat' dir='ltr'>emittitur..</span> 
     </span>
    </p>
   </div>
   <div class='ocr_carea' id='block_1_6' title="bbox 278 1941 1024 2376">
    <p class='ocr_par' dir='ltr' id='par_1_6' title="bbox 278 1941 1024 2376">
     <span class='ocr_line' id='line_1_13' title="bbox 278 1941 874 2033; baseline -0.002 -23"><span class='ocrx_word' id='word_1_40' title='bbox 278 1944 318 2010; x_wconf 61' lang='lat'>3,</span> <span class='ocrx_word' id='word_1_41' title='bbox 374 1941 413 2010; x_wconf 89' lang='lat' dir='ltr'>In</span> <span class='ocrx_word' id='word_1_42' title='bbox 433 1949 528 2012; x_wconf 81' lang='lat' dir='ltr'>terra</span> <span class='ocrx_word' id='word_1_43' title='bbox 546 1950 658 2011; x_wconf 83' lang='lat' dir='ltr'>terrae</span> <span class='ocrx_word' id='word_1_44' title='bbox 681 1943 874 2033; x_wconf 87' lang='lat' dir='ltr'>principem</span> 
     </span>
     <span class='ocr_line' id='line_1_14' title="bbox 371 2056 798 2126; baseline -0.002 -2"><span class='ocrx_word' id='word_1_45' title='bbox 371 2056 608 2126; x_wconf 77' lang='lat' dir='ltr'>Collocuturus</span> <span class='ocrx_word' id='word_1_46' title='bbox 626 2056 798 2126; x_wconf 89' lang='lat' dir='ltr'>huminem</span> 
     </span>
     <span class='ocr_line' id='line_1_15' title="bbox 328 2170 991 2261; baseline 0 -22"><span class='ocrx_word' id='word_1_47' title='bbox 328 2173 458 2240; x_wconf 87' lang='lat' dir='ltr'>Locum</span> <span class='ocrx_word' id='word_1_48' title='bbox 478 2172 604 2241; x_wconf 81' lang='lat' dir='ltr'>Deus*</span> <span class='ocrx_word' id='word_1_49' title='bbox 623 2170 777 2240; x_wconf 86' lang='lat' dir='ltr'>ornando</span> <span class='ocrx_word' id='word_1_50' title='bbox 797 2176 991 2261; x_wconf 82' lang='lat' dir='ltr'>praeparat,</span> 
     </span>
     <span class='ocr_line' id='line_1_16' title="bbox 328 2285 1024 2376; baseline 0 -22"><span class='ocrx_word' id='word_1_51' title='bbox 328 2287 430 2355; x_wconf 81' lang='lat' dir='ltr'>Vitae</span> <span class='ocrx_word' id='word_1_52' title='bbox 449 2293 589 2357; x_wconf 86' lang='lat' dir='ltr'>nostrae</span> <span class='ocrx_word' id='word_1_53' title='bbox 606 2292 623 2328; x_wconf 83' lang='grc'>*</span> <span class='ocrx_word' id='word_1_54' title='bbox 642 2307 746 2376; x_wconf 91' lang='lat' dir='ltr'>quem</span> <span class='ocrx_word' id='word_1_55' title='bbox 760 2286 843 2356; x_wconf 90' lang='lat' dir='ltr'>ordo</span> <span class='ocrx_word' id='word_1_56' title='bbox 857 2285 1024 2376; x_wconf 77' lang='lat' dir='ltr'>postulat.</span> 
     </span>
    </p>
   </div>
   <div class='ocr_carea' id='block_1_7' title="bbox 283 2427 1023 2862">
    <p class='ocr_par' dir='ltr' id='par_1_7' title="bbox 283 2427 1023 2862">
     <span class='ocr_line' id='line_1_17' title="bbox 283 2427 840 2513; baseline 0.004 -18"><span class='ocrx_word' id='word_1_57' title='bbox 283 2427 317 2496; x_wconf 71' lang='lat' dir='ltr'>la.</span> <span class='ocrx_word' id='word_1_58' title='bbox 377 2427 594 2497; x_wconf 86' lang='lat' dir='ltr'>Recusamur</span> <span class='ocrx_word' id='word_1_59' title='bbox 610 2428 646 2496; x_wconf 93' lang='lat' dir='ltr'>in</span> <span class='ocrx_word' id='word_1_60' title='bbox 665 2428 840 2513; x_wconf 88' lang='lat' dir='ltr'>omnibus,</span> 
     </span>
     <span class='ocr_line' id='line_1_18' title="bbox 365 2540 872 2630; baseline 0 -18"><span class='ocrx_word' id='word_1_61' title='bbox 365 2541 411 2612; x_wconf 80' lang='lat' dir='ltr'>si</span> <span class='ocrx_word' id='word_1_62' title='bbox 429 2540 592 2612; x_wconf 75' lang='lat' dir='ltr'>iactarem</span> <span class='ocrx_word' id='word_1_63' title='bbox 608 2543 872 2630; x_wconf 85' lang='lat' dir='ltr'>contemnimus,</span> 
     </span>
     <span class='ocr_line' id='line_1_19' title="bbox 329 2655 906 2746; baseline 0.003 -23"><span class='ocrx_word' id='word_1_64' title='bbox 329 2655 510 2724; x_wconf 80' lang='lat' dir='ltr'>Rationem</span> <span class='ocrx_word' id='word_1_65' title='bbox 530 2658 547 2695; x_wconf 84' lang='grc'><strong><em>*</em></strong></span> <span class='ocrx_word' id='word_1_66' title='bbox 564 2676 627 2745; x_wconf 91' lang='lat' dir='ltr'>pro</span> <span class='ocrx_word' id='word_1_67' title='bbox 645 2657 787 2726; x_wconf 87' lang='lat' dir='ltr'>cunctis·</span> <span class='ocrx_word' id='word_1_68' title='bbox 799 2656 906 2746; x_wconf 80' lang='lat' dir='ltr'>exigit</span> 
     </span>
     <span class='ocr_line' id='line_1_20' title="bbox 329 2769 1023 2862; baseline 0.007 -26"><span class='ocrx_word' id='word_1_69' title='bbox 329 2769 375 2856; x_wconf 78' lang='lat' dir='ltr'>Ie,</span> <span class='ocrx_word' id='word_1_70' title='bbox 396 2772 457 2861; x_wconf 90' lang='lat' dir='ltr'>qui</span> <span class='ocrx_word' id='word_1_71' title='bbox 475 2781 601 2841; x_wconf 91' lang='lat' dir='ltr'>cuncta</span> <span class='ocrx_word' id='word_1_72' title='bbox 620 2778 636 2814; x_wconf 81' lang='lat'>*</span> <span class='ocrx_word' id='word_1_73' title='bbox 654 2793 717 2862; x_wconf 89' lang='lat' dir='ltr'>pro</span> <span class='ocrx_word' id='word_1_74' title='bbox 737 2772 838 2841; x_wconf 89' lang='lat' dir='ltr'>nobis</span> <span class='ocrx_word' id='word_1_75' title='bbox 856 2772 1023 2850; x_wconf 81' lang='lat' dir='ltr'>currdidit,</span> 
     </span>
    </p>
   </div>
   <div class='ocr_carea' id='block_1_8' title="bbox 284 2911 943 3346">
    <p class='ocr_par' dir='ltr' id='par_1_8' title="bbox 284 2911 937 3118">
     <span class='ocr_line' id='line_1_21' title="bbox 284 2911 937 3002; baseline 0.006 -24"><span class='ocrx_word' id='word_1_76' title='bbox 284 2911 319 2983; x_wconf 88' lang='grc'>5.</span> <span class='ocrx_word' id='word_1_77' title='bbox 375 2911 551 3002; x_wconf 86' lang='lat' dir='ltr'>Disceptut</span> <span class='ocrx_word' id='word_1_78' title='bbox 569 2914 722 2982; x_wconf 91' lang='lat' dir='ltr'>mundus</span> <span class='ocrx_word' id='word_1_79' title='bbox 736 2921 856 2982; x_wconf 86' lang='lat' dir='ltr'>contra</span> <span class='ocrx_word' id='word_1_80' title='bbox 876 2935 937 2982; x_wconf 88' lang='lat' dir='ltr'>nos</span> 
     </span>
     <span class='ocr_line' id='line_1_22' title="bbox 377 3029 915 3118; baseline 0.004 -23"><span class='ocrx_word' id='word_1_81' title='bbox 377 3029 503 3096; x_wconf 87' lang='lat' dir='ltr'>Factus</span> <span class='ocrx_word' id='word_1_82' title='bbox 516 3035 661 3098; x_wconf 85' lang='lat' dir='ltr'>ornatus</span> <span class='ocrx_word' id='word_1_83' title='bbox 680 3035 822 3118; x_wconf 88' lang='lat' dir='ltr'>propter</span> <span class='ocrx_word' id='word_1_84' title='bbox 841 3049 915 3113; x_wconf 75' lang='lat' dir='ltr'>noe,</span> 
     </span>
    </p>

    <p class='ocr_par' dir='ltr' id='par_1_9' title="bbox 329 3141 943 3346">
     <span class='ocr_line' id='line_1_23' title="bbox 329 3141 943 3233; baseline 0.005 -24"><span class='ocrx_word' id='word_1_85' title='bbox 329 3141 366 3209; x_wconf 92' lang='lat' dir='ltr'>Si</span> <span class='ocrx_word' id='word_1_86' title='bbox 383 3160 446 3210; x_wconf 88' lang='lat' dir='ltr'>nos</span> <span class='ocrx_word' id='word_1_87' title='bbox 464 3142 563 3211; x_wconf 85' lang='lat' dir='ltr'>Deo*</span> <span class='ocrx_word' id='word_1_88' title='bbox 582 3163 649 3211; x_wconf 92' lang='lat' dir='ltr'>non</span> <span class='ocrx_word' id='word_1_89' title='bbox 666 3142 793 3213; x_wconf 87' lang='lat' dir='ltr'>subdat</span> <span class='ocrx_word' id='word_1_90' title='bbox 812 3145 943 3233; x_wconf 79' lang='lat' dir='ltr'>gratia,</span> 
     </span>
     <span class='ocr_line' id='line_1_24' title="bbox 333 3256 892 3346; baseline 0.005 -22"><span class='ocrx_word' id='word_1_91' title='bbox 333 3256 467 3334; x_wconf 85' lang='lat' dir='ltr'>Quibus</span> <span class='ocrx_word' id='word_1_92' title='bbox 481 3258 584 3346; x_wconf 80' lang='lat' dir='ltr'>ipse*</span> <span class='ocrx_word' id='word_1_93' title='bbox 603 3257 750 3346; x_wconf 86' lang='lat' dir='ltr'>subjecit</span> <span class='ocrx_word' id='word_1_94' title='bbox 765 3259 892 3327; x_wconf 88' lang='lat' dir='ltr'>omnia.</span> 
     </span>
    </p>
   </div>
   <div class='ocr_carea' id='block_1_9' title="bbox 286 3397 1001 3835">
    <p class='ocr_par' dir='ltr' id='par_1_10' title="bbox 286 3397 1001 3835">
     <span class='ocr_line' id='line_1_25' title="bbox 286 3397 890 3490; baseline 0.005 -24"><span class='ocrx_word' id='word_1_95' title='bbox 286 3397 321 3466; x_wconf 84' lang='grc'>6.</span> <span class='ocrx_word' id='word_1_96' title='bbox 382 3398 563 3470; x_wconf 82' lang='lat' dir='ltr'>Placemus</span> <span class='ocrx_word' id='word_1_97' title='bbox 581 3401 697 3490; x_wconf 92' lang='lat' dir='ltr'>ipsum</span> <span class='ocrx_word' id='word_1_98' title='bbox 711 3401 890 3487; x_wconf 88' lang='lat' dir='ltr'>laudibus,</span> 
     </span>
     <span class='ocr_line' id='line_1_26' title="bbox 376 3515 847 3602; baseline 0.004 -20"><span class='ocrx_word' id='word_1_99' title='bbox 376 3517 485 3594; x_wconf 84' lang='lat' dir='ltr'>Quem</span> <span class='ocrx_word' id='word_1_100' title='bbox 503 3516 682 3585; x_wconf 82' lang='lat' dir='ltr'>irritamus</span> <span class='ocrx_word' id='word_1_101' title='bbox 700 3515 847 3602; x_wconf 84' lang='lat' dir='ltr'>acubus,</span> 
     </span>
     <span class='ocr_line' id='line_1_27' title="bbox 333 3629 916 3716; baseline 0.002 -18"><span class='ocrx_word' id='word_1_102' title='bbox 333 3630 468 3707; x_wconf 85' lang='lat' dir='ltr'>Quanta</span> <span class='ocrx_word' id='word_1_103' title='bbox 489 3629 632 3699; x_wconf 84' lang='lat' dir='ltr'>laudis*</span> <span class='ocrx_word' id='word_1_104' title='bbox 651 3632 696 3701; x_wconf 91' lang='lat' dir='ltr'>sit</span> <span class='ocrx_word' id='word_1_105' title='bbox 713 3631 916 3716; x_wconf 85' lang='lat' dir='ltr'>immulatio,</span> 
     </span>
     <span class='ocr_line' id='line_1_28' title="bbox 332 3744 1001 3835; baseline 0.003 -23"><span class='ocrx_word' id='word_1_106' title='bbox 332 3744 404 3813; x_wconf 84' lang='lat' dir='ltr'>Nos</span> <span class='ocrx_word' id='word_1_107' title='bbox 422 3746 636 3835; x_wconf 88' lang='lat' dir='ltr'>psalmorum</span> <span class='ocrx_word' id='word_1_108' title='bbox 653 3749 670 3784; x_wconf 83' lang='lat'><strong><em>*</em></strong></span> <span class='ocrx_word' id='word_1_109' title='bbox 687 3746 786 3816; x_wconf 91' lang='lat' dir='ltr'>ducet</span> <span class='ocrx_word' id='word_1_110' title='bbox 805 3747 1001 3816; x_wconf 81' lang='lat' dir='ltr'>instructio.</span> 
     </span>
    </p>
   </div>
   <div class='ocr_carea' id='block_1_10' title="bbox 284 3886 984 4095">
    <p class='ocr_par' dir='ltr' id='par_1_11' title="bbox 284 3886 984 4095">
     <span class='ocr_line' id='line_1_29' title="bbox 284 3886 841 3998; baseline 0.005 -45"><span class='ocrx_word' id='word_1_111' title='bbox 284 3886 325 3955; x_wconf 72' lang='lat' dir='ltr'>i..</span> <span class='ocrx_word' id='word_1_112' title='bbox 378 3887 430 3956; x_wconf 87' lang='lat' dir='ltr'>Sit</span> <span class='ocrx_word' id='word_1_113' title='bbox 451 3908 575 3978; x_wconf 86' lang='lat' dir='ltr'>perpes</span> <span class='ocrx_word' id='word_1_114' title='bbox 592 3888 661 3957; x_wconf 89' lang='lat' dir='ltr'>Deo</span> <span class='ocrx_word' id='word_1_115' title='bbox 679 3888 802 3998; x_wconf 75' lang='lat' dir='ltr'>gloria,</span> <span class='ocrx_word' id='word_1_116' title='bbox 837 3960 841 3970; x_wconf 66' lang='grc'><em>,</em></span> 
     </span>
     <span class='ocr_line' id='line_1_30' title="bbox 377 4003 984 4095; baseline 0 -24"><span class='ocrx_word' id='word_1_117' title='bbox 377 4003 426 4071; x_wconf 83' lang='lat' dir='ltr'>Ex</span> <span class='ocrx_word' id='word_1_118' title='bbox 447 4025 516 4094; x_wconf 87' lang='lat' dir='ltr'>quo</span> <span class='ocrx_word' id='word_1_119' title='bbox 536 4014 629 4091; x_wconf 90' lang='lat' dir='ltr'>suut,</span> <span class='ocrx_word' id='word_1_120' title='bbox 650 4025 728 4095; x_wconf 82' lang='lat' dir='ltr'>quae</span> <span class='ocrx_word' id='word_1_121' title='bbox 744 4011 837 4090; x_wconf 91' lang='lat' dir='ltr'>sunt,</span> <span class='ocrx_word' id='word_1_122' title='bbox 858 4005 984 4089; x_wconf 89' lang='lat' dir='ltr'>omnia,</span> 
     </span>
    </p>
   </div>
   <div class='ocr_carea' id='block_1_11' title="bbox 331 4119 1188 4327">
    <p class='ocr_par' dir='ltr' id='par_1_12' title="bbox 331 4119 1188 4327">
     <span class='ocr_line' id='line_1_31' title="bbox 333 4119 1188 4211; baseline 0.001 -24"><span class='ocrx_word' id='word_1_123' title='bbox 333 4121 451 4208; x_wconf 81' lang='lat' dir='ltr'>Ipsum</span> <span class='ocrx_word' id='word_1_124' title='bbox 470 4129 606 4207; x_wconf 89' lang='lat' dir='ltr'>cuncta,</span> <span class='ocrx_word' id='word_1_125' title='bbox 627 4126 644 4162; x_wconf 79' lang='lat'>‘⁸‘</span> <span class='ocrx_word' id='word_1_126' title='bbox 662 4142 724 4211; x_wconf 92' lang='lat' dir='ltr'>per</span> <span class='ocrx_word' id='word_1_127' title='bbox 739 4141 843 4211; x_wconf 90' lang='lat' dir='ltr'>quem</span> <span class='ocrx_word' id='word_1_128' title='bbox 863 4127 957 4202; x_wconf 91' lang='lat' dir='ltr'>sunt,</span> <span class='ocrx_word' id='word_1_129' title='bbox 974 4119 1188 4209; x_wconf 86' lang='lat' dir='ltr'>praedicent,</span> 
     </span>
     <span class='ocr_line' id='line_1_32' title="bbox 331 4233 1040 4327; baseline 0.008 -27"><span class='ocrx_word' id='word_1_130' title='bbox 331 4233 400 4324; x_wconf 80' lang='lat' dir='ltr'>ipsi</span> <span class='ocrx_word' id='word_1_131' title='bbox 420 4256 569 4327; x_wconf 84' lang='lat' dir='ltr'>semper,</span> <span class='ocrx_word' id='word_1_132' title='bbox 591 4238 607 4275; x_wconf 87' lang='grc'>*</span> <span class='ocrx_word' id='word_1_133' title='bbox 627 4237 661 4305; x_wconf 88' lang='lat' dir='ltr'>in</span> <span class='ocrx_word' id='word_1_134' title='bbox 682 4257 751 4326; x_wconf 91' lang='lat' dir='ltr'>quo</span> <span class='ocrx_word' id='word_1_135' title='bbox 766 4242 860 4324; x_wconf 89' lang='lat' dir='ltr'>sunt,</span> <span class='ocrx_word' id='word_1_136' title='bbox 879 4234 1040 4326; x_wconf 86' lang='lat' dir='ltr'>jubilent.</span> 
     </span>
    </p>
   </div>
   <div class='ocr_carea' id='block_1_12' title="bbox 0 0 1517 5048">
    <p class='ocr_par' dir='ltr' id='par_1_13' title="bbox 0 0 1517 5048">
     <span class='ocr_line' id='line_1_33' title="bbox 0 0 1517 5048; baseline 0 0"><span class='ocrx_word' id='word_1_137' title='bbox 0 0 1517 5048; x_wconf 95' lang='lat' dir='ltr'> </span> 
     </span>
    </p>
   </div>
  </div>
 </body>
</html>
