2992 5048
701 447 844 504 ..96-

715 641 825 710 XXXI

651 783 685 833 In
709 780 898 834 2Noeturno.

328 981 360 1046 l.
421 978 481 1046 Dei
501 977 643 1068 patris*
661 985 697 1046 et
717 977 838 1046 matris
856 977 991 1062 unione,

415 1093 455 1162 ln
470 1093 635 1183 praesepi
654 1094 672 1130 *
691 1113 755 1182 pro
774 1093 873 1161 cunis
892 1092 1035 1181 positae,

418 1207 610 1298 Angustias
627 1214 644 1250 *
662 1206 840 1296 praesepis
859 1207 1018 1292 sustinet,

419 1326 529 1402 Quem
546 1322 701 1391 ambitus
719 1330 736 1367 *
754 1322 839 1391 coeli
860 1343 926 1392 non
945 1323 1108 1392 continet.

332 1588 364 1607 ..
422 1538 632 1628 Excipitur*
650 1536 711 1605 vili
730 1537 882 1626 tugurio,

420 1652 485 1728 Qui
500 1650 677 1740 praesidet
695 1660 712 1695 *
730 1649 815 1719 coeli
829 1650 967 1739 palatio,

422 1766 505 1843 Quis
518 1785 626 1853 super
646 1763 722 1850 hoe,
737 1770 753 1807 *
769 1764 848 1854 quis
868 1785 936 1832 non
957 1763 1153 1853 obstupeat,

419 1877 528 1966 Cujus
542 1886 696 1948 mentem
714 1886 730 1923 *
749 1878 813 1946 hoo
828 1899 895 1946 non
914 1879 1146 1949 commoveat!

356 2154 364 2170 .
423 2104 561 2191 Pauper
580 2103 684 2188 neus,
706 2110 722 2146 *
743 2103 811 2170 imo
831 2102 1075 2191 pauperrimus

418 2220 477 2288 Sie
501 2221 614 2288 lactus
633 2226 686 2288 est
704 2228 795 2309 *pro
816 2218 915 2287 nobis
934 2219 1109 2303 omnibus„

423 2337 517 2412 Quae
537 2341 621 2402 sunt
637 2340 766 2423 grates
786 2340 802 2376 *
819 2352 912 2421 quae
925 2332 1109 2402 retributio

419 2447 531 2535 Super
546 2447 623 2516 istis
640 2455 690 2514 *a
710 2446 812 2515 nobis
827 2446 996 2514 Domino?

359 2716 367 2732 .
423 2668 460 2734 lu
481 2668 640 2754 praesepi
658 2673 675 2709 *
692 2666 786 2756 vagit
805 2673 843 2734 ut
864 2667 1030 2754 parvulus

420 2780 486 2858 Qui
506 2783 694 2850 concutit*
711 2783 844 2850 eoelum
863 2781 1060 2866 tonitribus,

418 2897 576 2965 Stratum
593 2896 724 2965 habet*
742 2895 833 2964 loeni
852 2896 1031 2984 reliquiae,
1071 2937 1075 2948 ·

421 3011 486 3087 Qui
505 3010 649 3100 regibus
668 3018 685 3052 *
702 3011 848 3099 largitur
863 3030 1052 3099 purpuras,

356 3287 364 3303 .
420 3236 618 3305 Bestiarum
635 3244 653 3280 *
670 3236 817 3306 insertur
835 3236 973 3324 pabulo,

419 3349 664 3438 Angelorum*
684 3349 758 3438 ipsa
777 3349 927 3434 relectio,

418 3467 529 3532 Instat
546 3465 627 3532 inde
645 3467 662 3503 *
680 3486 765 3554 grex
783 3465 995 3551 animalium,

423 3579 512 3647 Hine
530 3579 644 3669 angeli
662 3588 679 3624 *
696 3580 866 3668 praebent
884 3577 1100 3668 obsequium.

357 3841 365 3856 .
421 3790 460 3856 ln
476 3790 621 3860 excelsis·
638 3799 653 3834 *
672 3791 716 3858 sit
735 3790 804 3858 Deo
823 3791 945 3880 gloria,

417 3905 518 3973 Pacis
532 3905 633 3973 nobis
651 3909 667 3944 *
685 3905 720 3972 in
742 3912 837 3974 terra
855 3906 1005 3991 foedera,

415 4019 528 4096 Quam
548 4018 722 4110 superbis
740 4025 756 4062 *
774 4041 874 4090 voees
892 4022 1068 4111 angelicae

416 4135 623 4205 Decantasse
642 4140 659 4175 *
673 4143 863 4206 noscuntur
885 4136 999 4208 bodie.
