2992 5048
723 421 882 481 ..221-

791 649 818 718 C

717 815 761 866 Ad
776 815 897 867 Laudes.

451 1006 483 1074 i.
542 1005 665 1075 Turris
687 1005 744 1077 his
761 1005 927 1076 Dauidica

540 1120 644 1189 Certa
663 1119 724 1191 dat
760 1119 946 1209 praesidia,

540 1234 683 1304 Habens
698 1234 742 1303 ad
758 1234 953 1304 munimina

541 1350 661 1436 Scuta,
682 1349 958 1442 propugnacula.

542 1517 732 1587 Armatuna
754 1516 895 1587 sortium

539 1632 759 1702 Omnisbaec
779 1640 833 1702 ost
851 1632 1018 1717 omnium,

537 1747 592 1816 Ad
609 1748 813 1836 quorumvis
828 1746 981 1818 hostium

538 1859 819 1949 Propulsandum
838 1861 1021 1950 impetum.

539 2027 628 2096 Hinc
642 2026 793 2098 athletae
810 2027 828 2064 *
844 2035 1003 2117 puguant
1022 2026 1153 2097 Christi

536 2142 580 2212 Et
593 2142 721 2212 iridem
739 2144 889 2213 *hostes
908 2144 988 2213 tuti.

362 2255 556 2327 Adamante
573 2265 592 2303 n
606 2257 762 2326 bitumen
787 2258 968 2328 robustius

358 2369 431 2440 Noc
449 2372 582 2442 securis
595 2374 612 2411 *
623 2372 770 2462 dissipat
789 2393 853 2441 nec
870 2372 1030 2457 malleus

359 2487 649 2577 circumseptus*
666 2486 766 2556 miles
781 2487 837 2555 hie
856 2488 900 2556 ab
920 2487 1082 2556 hostibus

359 2600 477 2670 Cassis
496 2602 621 2670 horum
637 2605 654 2641 *
672 2601 817 2670 insultat
835 2602 1032 2672 conatibus

453 2823 488 2891 2.
544 2822 617 2891 Hac
636 2842 699 2891 nos
717 2842 866 2912 quoque,
887 2821 1044 2905 Domine,

547 2939 658 3006 Turre
678 2956 815 3025 semper
837 2945 991 3026 protege,

551 3050 650 3120 Vallo
669 3072 733 3120 nos
752 3057 787 3120 et
801 3071 927 3140 aggere

548 3168 622 3235 Tuo
640 3167 774 3235 vallans
793 3166 959 3255 undique.

552 3334 607 3402 Ne
621 3333 701 3424 quis
724 3334 816 3404 hosti
837 3339 953 3425 pateat

547 3447 689 3532 Aditus,
711 3467 781 3537 quo
795 3448 907 3532 serint,

542 3561 614 3630 >Hic
631 3569 666 3631 ta
681 3562 839 3652 quisquis
858 3563 1006 3648 invocat,

554 3679 662 3748 Tutos
680 3698 820 3748 somnos
838 3678 961 3770 capiat.

558 3849 603 3919 Et
621 3849 863 3939 quesumus*
880 3850 958 3942 pius
970 3849 1103 3941 ignavi,

553 3965 627 4056 Ope
640 3967 766 4035 muni*
783 3987 847 4037 nos
863 3967 998 4056 majori.

370 4079 436 4157 oui
457 4079 488 4149 si
506 4079 621 4170 palma
638 4079 656 4116 *
677 4101 749 4149 non
767 4080 935 4171 poliemus
954 4081 1116 4170 militum,

372 4194 458 4265 Viae
476 4193 875 4285 quadan1*assistamus
892 4195 1060 4291 peditum,
