2992 5048
614 890 884 975 PRAEFATIO

256 1310 463 1392 Tripartitum
475 1317 524 1375 est
538 1309 639 1375 divini
656 1312 762 1376 cultus
776 1310 927 1376 oltlcium.
954 1312 1068 1377 Ductor
1085 1313 1226 1394 gentium
1245 1312 1277 1378 in

216 1418 349 1502 epistola
363 1420 402 1483 ad
428 1417 584 1502 Ephesios
601 1418 759 1483 ordinavit
779 1419 887 1484 dicens
904 1439 911 1481 :
936 1420 1007 1483 «Et
1021 1419 1118 1486 nolite
1132 1419 1277 1485 inebriari

216 1527 302 1602 vino,
312 1526 344 1589 in
357 1544 420 1608 quo
435 1531 485 1590 est
498 1525 636 1603 luxuria,
649 1526 704 1590 sed
717 1524 891 1608 implemini
902 1525 1023 1608 Spiritu
1033 1533 1140 1592 sancto
1152 1526 1278 1610 loquen-

218 1641 263 1696 tes
294 1632 451 1696 vobismet
473 1631 552 1714 ipsis
576 1631 609 1695 in
631 1632 763 1713 psalmis
791 1637 820 1697 et
840 1632 968 1716 hymnis
988 1638 1018 1698 et
1052 1634 1184 1698 canticis
1211 1635 1278 1715 spi-

219 1735 388 1799 ritualibus
402 1742 568 1800 cautautos
582 1742 613 1799 et
635 1735 804 1816 psallentes
826 1734 857 1798 in
879 1736 1025 1800 cordibus
1042 1737 1153 1801 vestris
1176 1737 1280 1801 Domi·

220 1859 260 1904 no
273 1863 288 1899 n
306 1841 365 1923 (l).
381 1842 422 1904 Et
439 1860 549 1904 rursus
565 1841 605 1904 ad
619 1840 818 1905 Colosseuses
833 1841 936 1924 inquit
953 1861 961 1904 ε
979 1842 1148 1906 «Verbum
1165 1842 1283 1907 Christi

220 1946 344 2010 habitet
358 1948 392 2009 in
408 1945 499 2010 vobis
522 1946 720 2009 abundanter
742 1946 775 2010 in
795 1945 880 2009 omni
901 1946 1056 2029 sapientia
1082 1948 1229 2012 docentes
1251 1955 1283 2012 ct

220 2059 457 2116 commonentes
467 2053 679 2134 ¹vosmetipsos
693 2052 726 2115 in
737 2047 879 2134 psalmis,
893 2052 1023 2134 hymnis
1033 2058 1064 2117 et
1075 2052 1205 2118 canticis
1219 2055 1284 2135 spi·

221 2156 398 2232 ritualibus,
429 2157 459 2219 in
496 2157 597 2236 gratia
634 2162 796 2219 cantantes
827 2158 859 2220 in
890 2158 1038 2222 cordibus
1066 2157 1182 2222 vestris
1220 2158 1283 2222 Do-

220 2260 305 2323 mino
319 2282 336 2321 n
354 2261 412 2343 (l).
438 2260 556 2324 Psalmi
579 2269 705 2324 verost
731 2262 853 2326 cantica
879 2263 1030 2345 quoniam
1056 2282 1093 2328 ex
1116 2262 1281 2328 canonicis

223 2366 402 2447 antiquitus
424 2374 609 2447 praeparata
638 2372 711 2429 sunt
735 2367 911 2448 scripturis,
929 2386 986 2432 uec
1009 2375 1118 2434 nostro
1139 2388 1197 2434 nec
1220 2370 1280 2433 ali-

218 2470 310 2551 cujus
322 2479 416 2550 agent
431 2470 546 2548 studio,
562 2470 701 2534 ulmodo
716 2479 959 2552 componantur.

259 2577 303 2640 De
329 2575 459 2658 hymnis
485 2595 560 2640 vero
583 2595 655 2641 cnm
684 2575 763 2638 nihil
796 2577 829 2639 in
854 2578 1062 2661 superpositis
1096 2580 1284 2645 distinctum

220 2683 372 2748 habeatur
387 2681 563 2764 scripturis,
579 2681 726 2763 quamvis
739 2686 771 2745 et
782 2681 925 2744 nonnulli
941 2681 1057 2762 psalmi
1068 2684 1283 2765 nomenbym·

222 2809 335 2854 norum
348 2789 398 2853 vel
412 2789 605 2853 cantieorum
619 2793 802 2851 sanctorum
815 2787 1003 2868 inscriptum
1018 2789 1120 2852 titulis
1131 2788 1280 2866 habeant,

222 2897 339 2978 passim
362 2916 381 2960 a
403 2895 547 2977 pluribus
573 2899 680 2976 postea
703 2893 918 2974 scriptumest
934 2899 966 2956 et
986 2913 1042 2975 pro
1057 2901 1234 2976 temporum
1248 2903 1279 2959 ct

223 3003 372 3066 horarum
392 3020 446 3066 seu
460 3001 664 3064 festivitatum
676 2999 825 3063 varietate
845 3000 1023 3082 quibusque
1038 3001 1157 3083 proprii
1167 3001 1280 3083 hymni

219 3114 295 3171 sunt
321 3107 495 3184 constituti,
512 3114 543 3170 ct
570 3106 628 3170 hos
654 3123 738 3169 nunc
760 3106 885 3188 proprio
901 3106 1042 3188 hymnos
1068 3106 1278 3189 appellamus,

218 3214 368 3295 quamvis
408 3212 581 3295 antiquitus
604 3210 829 3274 indifferenter
866 3211 1008 3275 nonnulli
1044 3218 1108 3273 tam
1143 3212 1281 3294 hymnos

221 3338 318 3400 quarn
345 3318 486 3400 psalmos
516 3317 655 3381 dicerent
685 3316 842 3398 quaelibet
865 3317 992 3381 divinae
1021 3316 1125 3380 laudis
1158 3317 1281 3382 cantica

222 3422 370 3504 rhythmo
387 3421 438 3487 vcl
454 3429 554 3486 metro
565 3421 738 3504 composita
754 3421 807 3504 (3).
822 3421 911 3484 Unde
926 3421 1083 3486 Eusebius
1096 3421 1284 3487 Caesarien-

221 3529 267 3592 sis
298 3528 537 3592 Ecclesiasticus
567 3527 714 3592 historiae
740 3528 813 3591 libri
842 3527 970 3592 secundi
1003 3528 1142 3609 capitulo
1172 3528 1279 3593 XVll.

221 3632 422 3697 disertissimi
442 3632 556 3698 ludaei
575 3631 717 3696 Philonis
731 3632 839 3696 laudes
854 3651 929 3714 ergo
957 3631 1209 3696 Alexandrinam
1222 3632 1283 3696 sub

222 3740 328 3802 Marco
340 3737 505 3804 ecclesiam
520 3756 768 3803 commemorans
786 3739 867 3801 inter
886 3743 987 3802 cetera
1008 3736 1122 3819 adjecit
1141 3757 1149 3801 :
1173 3763 1188 3796 a
1208 3738 1286 3800 Post

219 3863 328 3925 pauca
339 3865 476 3909 rursum
490 3847 591 3907 etiam
605 3848 644 3908 de
657 3864 704 3920 eo,
722 3845 807 3926 quod
818 3845 960 3925 psalmos
972 3824 1098 3926 ¹fecicum
1114 3865 1221 3919 nonos,-
1237 3848 1287 3909 ita

218 3952 378 4031 scripsit:
404 3951 514 4032 ltaque
532 3969 595 4013 uon
621 3950 724 4014 solum
744 3949 907 4013 subtilium
930 3949 1113 4032 intelligunt
1137 3951 1284 4033 hymnos,

220 4056 275 4119 sed
303 4057 365 4137 ipsi
393 4055 514 4120 iaciunt
533 4075 632 4120 novos
655 4057 688 4119 in
715 4055 823 4132 Deum,
850 4055 997 4120 omnibus
1016 4074 1070 4120 eos
1084 4064 1115 4120 et
1132 4055 1288 4120 metriset

222 4160 307 4223 sonis
322 4160 453 4224 honesta
467 4159 545 4224 satis
558 4167 589 4224 et
601 4161 692 4224 suavi
707 4179 857 4243 compage
868 4162 1068 4225 modulantes
1082 4182 1097 4220 n
1114 4160 1168 4243 (l).
1192 4159 1284 4227 Haud

225 4263 367 4330 fortassis
379 4265 589 4349 incongruum
608 4274 668 4344 est,
685 4286 793 4332 omnes
807 4266 948 4349 psalmos
969 4266 1123 4331 Hebraice
1136 4265 1286 4348 rhythmo
