2992 5048
724 437 770 490 ¹-
788 406 840 464 1a0
857 436 894 449 -

764 615 870 682 LXXI

686 753 718 803 ln
732 749 747 800 3
758 751 915 802 Noelurno.

286 917 318 985 l.
418 915 588 983 Tradenle
611 914 723 1004 legem
745 913 889 980 Domino

464 1029 560 1095 Mens
581 1034 734 1096 tremens
753 1035 883 1095 melum
903 1026 1030 1110 allulil,

420 1143 571 1232 Spiritus
592 1141 627 1210 in
647 1142 833 1211 coenaculo

466 1257 654 1344 Susceptus
673 1255 771 1324 illum
790 1254 947 1324 abstulit.

376 1373 520 1441 Summa
539 1390 674 1438 summo
693 1370 955 1461 negi*Cl1risl0
974 1369 1019 1437 sil
1037 1366 1162 1458 gloria,

421 1483 528 1570 Cujus
546 1490 671 1552 auncla
688 1483 914 1552 *subsislunl
932 1482 1058 1572 gralia,

423 1600 474 1667 Ex
493 1619 572 1688 que,
593 1619 656 1688 per
673 1620 790 1689 quem,
806 1597 822 1633 *
841 1600 876 1666 in
897 1619 964 1688 quo
983 1605 1069 1666 sunl
1089 1597 1219 1665 omnia.

290 1796 324 1862 2.
429 1794 602 1862 Micabanl
620 1794 691 1861 illic
709 1794 861 1885 fulgura,

470 1907 567 1975 Mens
582 1907 951 1996 caligaballumigana
987 1923 989 1932 ·

425 2022 490 2090 Hie
504 2029 557 2091 esl
571 2025 709 2092 lla-nima
727 2023 911 2107 mullifida,
955 2065 959 2075 ·

471 2136 547 2206 Non
567 2158 674 2206 urens
687 2138 748 2207 sed
767 2137 980 2206 illuminans.

385 2251 530 2321 Summa
553 2272 688 2320 summo
708 2253 812 2342 regi*
831 2252 968 2322 Chrislo
988 2250 1032 2320 sil
1046 2250 1169 2340 glacia,

430 2370 539 2457 Cujus
558 2376 682 2438 cuncta
698 2367 715 2402 *
734 2369 930 2439 subsistunt
949 2370 1077 2459 gralia,

338 2548 341 2560 .
428 2485 480 2554 Ex
494 2505 573 2575 quc,
595 2503 659 2574 per
673 2485 822 2575 quem,*
842 2485 877 2552 in
897 2505 965 2573 quc
985 2492 1066 2553 sunl
1085 2484 1212 2550 omnia.

294 2676 327 2744 3.
421 2673 622 2743 Horrendae
641 2694 762 2743 sanum
778 2674 945 2743 buccinae

445 2818 459 2830 =·
475 2789 630 2858 Pavebel
645 2788 715 2857 illic
733 2788 894 2879 populus,

429 2903 586 2973 Verbum
601 2903 850 2994 intelligentiae

478 3020 591 3088 Sonus
608 3017 665 3086 hie
683 3018 916 3106 luilspinilus

387 3132 531 3201 Summa
550 3153 684 3202 summo
702 3133 806 3222 regi*
826 3131 963 3201 Chrislo
984 3131 1172 3220 sil‘gloria,

435 3249 543 3337 Cujus
562 3257 684 3318 cuncla
702 3256 718 3292 *
736 3248 932 3317 subsistunt
950 3251 1076 3338 gralia,

434 3364 579 3454 Exque,
600 3385 663 3455 pec
680 3370 824 3454 quein*
842 3364 877 3432 in
896 3369 1058 3453 quesnel
1072 3360 1202 3430 emnia.

300 3545 333 3612 l.
430 3545 562 3614 Fumus
579 3545 649 3613 illic
667 3545 850 3633 caliginem

479 3657 655 3728 Obscurae
668 3660 782 3746 signal
800 3659 954 3743 literae,—

434 3772 656 3866 Splendenlis
677 3773 766 3863 ignis
787 3774 938 3862 speciem

479 3889 600 3957 Clarae
618 3889 755 3978 signum
776 3887 830 3955 llic
848 3889 979 3977 accipe.

388 4006 532 4076 Summa
552 4024 686 4072 summo
705 4005 778 4087 regi
795 4002 963 4103 *Christe
982 4005 1027 4072 sil
1044 4003 1169 4092 gloria,

435 4121 543 4208 Cujus
558 4125 682 4188 cuncte
695 4116 712 4152 *
724 4119 921 4188 subsistunt
939 4118 1069 4202 gralia,

433 4236 483 4304 Ex
501 4254 581 4324 qno,
601 4254 665 4324 par
683 4253 797 4322 quem,
818 4231 886 4300 *in
898 4252 967 4320 quo
981 4238 1063 4300 sunl
1078 4228 1206 4297 omnia.
