2992 5048
646 446 789 503 -31-

700 646 730 714 ll

552 811 585 860 ln
601 809 726 862 secundo
740 811 895 865 Nocturno.

322 976 354 1044 1.
414 976 517 1061 Deus,
535 975 594 1065 qui
610 983 690 1046 tuos
710 976 828 1045 erudis

412 1093 713 1161 Testamentornm
730 1091 878 1181 paginis,

364 1207 416 1274 Ex
438 1206 591 1275 eorum*
610 1206 857 1297 intelligentiae

368 1322 501 1392 Cantus
522 1329 658 1392 nostros
677 1324 828 1392 *condis
847 1323 1039 1412 dulcedine,

325 1461 357 1530 2.
424 1463 502 1531 Tibi
521 1464 568 1532 sit
588 1463 811 1553 acceptabile,

412 1577 522 1646 Nobis
537 1578 589 1646 sic
607 1579 669 1646 fiat
684 1577 780 1662 utile,

371 1691 469 1770 Quod
487 1701 518 1760 te
536 1691 638 1761 suis*
654 1692 828 1762 solvemus
847 1693 1019 1780 laudibus,

365 1805 417 1890 si,
435 1807 525 1893 quod
543 1812 656 1889 sonat,
676 1804 988 1874 *intellexerimus

323 1944 356 2013 3.
413 1943 552 2033 Triplex
569 1943 799 2033 intelligentia

411 2060 554 2128 Diversa
574 2059 717 2149 praebet
736 2059 877 2144 fercula,

366 2172 502 2240 Deliciis
518 2176 535 2213 *
552 2171 708 2240 abundat
722 2173 828 2240 variis

364 2286 489 2355 Sacrae
510 2306 628 2354 mensa
645 2295 661 2333 t
678 2286 871 2375 scripturae
887 2285 1020 2355 fertilis.

318 2429 352 2496 t.
413 2428 521 2497 Alunt
535 2448 662 2517 parvos
682 2426 858 2511 historica,

412 2545 565 2612 Pascunt
578 2543 718 2611 adultos
737 2543 895 2631 mystica,

367 2659 602 2729 Persectnrum
620 2656 636 2693 '⁸‘
654 2657 801 2725 ferventi
821 2658 934 2727 studio

370 2774 602 2861 Suscipitur*
628 2770 767 2839 moralis
788 2769 897 2839 lectio.

326 2915 359 2984 5.
418 2913 489 2982 Illis
509 2913 596 2980 fides
612 2909 817 2995 adstruitur,
915 2932 919 2939 ¹

413 3027 465 3093 Ex
487 3026 552 3094 huc
570 3025 705 3093 tructus
725 3022 909 3112 colligitur,

367 3142 516 3209 Fructus
534 3139 588 3208 hic
607 3146 660 3207 est
684 3137 699 3172 *
718 3147 752 3204 et
771 3140 1032 3218 consummatio,

367 3257 478 3333 Quam
497 3253 558 3322 des
577 3253 690 3335 nobis,
710 3255 879 3320 *morum
903 3252 1096 3323 instructio.

324 3399 356 3466 o.
415 3397 505 3465 llaec
521 3394 635 3479 uobis,
656 3396 761 3478 Deus,
781 3394 913 3465 fercula

414 3514 487 3580 Tua
499 3512 636 3600 parauit
651 3512 776 3599 gratia,

368 3629 413 3697 Ut
428 3627 483 3696 his
502 3627 651 3694 nostra*
674 3627 904 3716 peregrinatio

367 3745 590 3826 Sustentatur
616 3741 749 3830 *quasi
768 3743 903 3812 viatico.

323 3887 357 3954 7.
417 3885 470 3954 Sit
490 3903 616 3973 perpes
632 3883 702 3950 Deo
718 3881 840 3971 gloria,

413 4000 464 4067 Ex
477 4019 547 4088 quo
566 4005 660 4079 sunt,
682 4018 773 4086 quac
792 4007 887 4085 sunt,
904 4003 1030 4088 omnia,

369 4115 489 4204 Ipsum
503 4120 639 4196 cuncta,
660 4116 676 4151 *
690 4097 869 4201 perquem
883 4126 976 4203 suut,
996 4115 1208 4208 praedicent,

369 4229 437 4319 lpsi
458 4246 607 4316 semper,
628 4226 694 4294 *in
716 4247 785 4326 quo
803 4239 896 4312 suut,
920 4233 1080 4319 jubilent.
