2992 5048
749 444 876 501 ..3-

284 568 461 653 tenebant,
479 576 518 639 ut
531 568 637 638 etiam
651 568 833 640 illiteratos
856 568 1022 638 melodiae
1035 568 1179 639 dulcedo
1198 570 1250 639 tui
1275 591 1343 640 non

284 687 416 757 sineret
434 687 655 755 immemores
677 705 767 755 esse.
788 687 904 775 Atque
919 685 999 754 binc
1024 686 1173 783 maxime
1191 687 1226 755 in
1246 707 1345 756 amo·

284 823 359 872 rem
378 800 430 870 tui
448 801 597 870 feminae
618 801 858 890 suspirabant.
880 801 923 869 Et
942 820 1022 869 cum
1035 800 1158 870 horum
1179 822 1260 890 pars
1274 823 1346 870 ma·

283 920 375 987 xima
395 917 589 986 carminum
609 923 751 986 nostros
768 915 972 996 decantaret
992 936 1139 1001 amurca,
1158 915 1276 985 multis
1291 938 1346 987 me

284 1033 485 1124 regionibus
500 1032 598 1102 brevi
613 1040 769 1123 tempore
790 1033 966 1102 nuntiauit
984 1039 1020 1101 et
1038 1032 1223 1102 multarum
1240 1033 1275 1101 in
1291 1053 1346 1102 me

283 1150 491 1220 feminarum
528 1148 685 1218 accendit
717 1148 886 1217 invidiam
905 1173 939 1217 r.
960 1149 1049 1218 Cum
1067 1149 1195 1238 quibus
1214 1169 1255 1218 ea
1274 1169 1347 1217 om-

284 1265 365 1334 nino
386 1264 607 1347 conueniunt,
643 1283 732 1353 quae
755 1263 791 1331 in
812 1261 977 1334 historiae
1005 1263 1239 1333 calamitatum
1263 1285 1347 1333 sua-

284 1401 362 1449 rum
379 1381 490 1468 capite
513 1380 559 1447 Vl
586 1380 661 1468 ipsc
688 1379 732 1448 de
751 1400 789 1449 se
807 1378 1026 1448 Abaelardus
1047 1379 1199 1449 latetur:
1223 1402 1239 1445 u
1260 1379 1349 1449 Tae-

284 1496 422 1566 diosum
450 1495 534 1562 mihi
562 1494 787 1564 uehementer
816 1502 891 1564 erat
922 1496 967 1563 ad
996 1495 1131 1564 scholas
1162 1497 1349 1585 procedere

285 1611 340 1679 vel
360 1609 395 1678 in
419 1610 472 1678 eis
488 1610 629 1689 morari,
656 1609 789 1697 pariter
806 1615 841 1677 et
859 1608 1085 1695 laboriosum,
1107 1629 1187 1678 cum
1206 1618 1350 1680 noctur-

287 1744 350 1792 nas
384 1724 495 1793 amori
532 1723 670 1812 vigilias
700 1729 735 1792 et
764 1723 909 1792 diurnas
942 1722 1056 1791 studio
1091 1743 1348 1793 conservarem.

287 1841 396 1918 Quem
415 1837 521 1907 etiam
556 1838 605 1906 ita
624 1837 855 1927 negligentem
879 1843 914 1905 et
945 1836 1101 1925 tepidum
1133 1837 1234 1905 lcctio
1267 1846 1351 1908 tunc

287 1950 451 2032 habebat,
464 1960 502 2019 ut
516 1951 589 2039 jam
609 1950 693 2019 nibil
710 1971 753 2019 ex
765 1944 905 2039 ingenio
919 1949 980 2020 sed
994 1970 1035 2019 ex
1047 1971 1112 2020 usu
1132 1957 1256 2020 cuncta
1272 1973 1351 2041 pro-

287 2069 425 2153 ferrem,
448 2087 511 2135 nec
527 2070 599 2154 jam
630 2065 697 2134 nisi
729 2065 891 2135 recitator
912 2067 1141 2155 pristinorum
1160 2086 1274 2134 essem
1294 2069 1350 2136 in·

290 2186 485 2264 uentorum,
501 2188 545 2265 et,
568 2180 598 2248 si
621 2200 688 2268 qun
707 2177 866 2246 invenire
894 2178 1015 2249 liceret
1042 2181 1211 2265 carmina,
1233 2188 1350 2251 essent

286 2294 529 2363 amatorianon
546 2291 779 2383 philosophiae
790 2300 934 2362 secreta.
950 2294 1218 2374 Quorumetiam
1228 2297 1349 2364 carmi·

288 2432 371 2480 num
389 2409 554 2500 pleraque
573 2407 731 2478 adhucin
752 2408 882 2494 multis,
904 2409 994 2477 sicut
1013 2416 1047 2477 et
1065 2409 1139 2498 ipse
1155 2411 1259 2496 nosti,
1276 2411 1350 2479 fre-

291 2529 501 2614 quentantur
520 2528 554 2590 et
569 2520 799 2591 decantantur
815 2521 1033 2610 regionibus,
1050 2521 1094 2590 ab
1114 2522 1170 2590 bis
1186 2524 1346 2610 maxime,

292 2656 378 2727 quos
394 2634 463 2704 vila
481 2633 606 2704 similis
626 2633 821 2704 oblectabat
837 2657 869 2700 u.

331 2750 398 2821 Sed
414 2749 649 2818 celeberrimis
669 2747 764 2818 bisce
783 2748 1012 2833 carminibus,
1027 2747 1118 2837 proh
1138 2749 1251 2818 dolori
1268 2770 1351 2840 pos·

286 2867 419 2951 teritas,
436 2864 652 2954 antiquitatis
673 2864 846 2931 incuriosa
860 2865 970 2953 prius,
992 2870 1070 2952 post
1084 2864 1199 2950 auida,
1217 2865 1346 2951 injuria

286 2987 478 3067 temporum
497 2997 539 3045 ex
558 2977 694 3064 integro
713 2982 765 3044 est
779 2975 951 3045 fraudata.
974 2976 1069 3043 Nihil
1084 2977 1190 3061 enim,
1221 2978 1251 3045 si
1269 2997 1352 3046 car-

286 3111 364 3159 men
403 3090 591 3159 Astralabii
629 3088 928 3157 commonitorium
973 3090 1136 3180 excipias,
1177 3091 1246 3159 nisi
1288 3111 1349 3160 sex

286 3205 445 3292 planctus
470 3203 643 3286 nouimus,
672 3221 760 3292 quae
784 3210 861 3290 post
889 3203 1116 3272 Greithium1
1148 3206 1348 3294 nuperrime

286 3319 476 3389 Gulielmus
495 3321 612 3408 Meyer
631 3317 806 3406 Spirensis
827 3318 936 3387 nitida
960 3319 1110 3388 editione
1130 3321 1288 3409 vulgavit
1306 3322 1344 3390 ²¹.

285 3433 405 3522 Neque
424 3435 572 3502 multum
590 3431 712 3517 abluit,
729 3430 812 3519 quin
832 3432 902 3501 lala
926 3433 1068 3502 sinislra
1088 3441 1121 3502 et
1140 3435 1286 3523 hymnos
1305 3437 1350 3504 ad

285 3568 393 3617 unum
411 3568 531 3616 omnes
549 3568 568 3616 e
588 3546 699 3615 medio
721 3546 892 3614 tulissent.
903 3548 980 3615 Jam
999 3549 1104 3631 enim,
1122 3550 1183 3638 qui
1208 3553 1349 3621 ineunte

283 3661 420 3732 saeculo
439 3663 572 3731 decimo
591 3661 737 3750 septimo
755 3659 797 3727 ad
820 3682 942 3730 manus
963 3672 1061 3733 erant
1074 3665 1260 3735 Ambocsio
1279 3667 1349 3737 edi·

283 3776 410 3846 tionem
429 3795 574 3864 operum
592 3774 777 3845 Abaelardi
810 3794 850 3843 ac
877 3777 1054 3847 Heloissae
1075 3781 1224 3868 paranti,
1246 3781 1351 3850 iidem

312 4028 335 4078 1.
354 4025 540 4095 spicilegium
555 4030 733 4083 Vaticanum.
750 4029 930 4092 Frauenleld,
947 4033 1009 4084 1838
1019 4049 1050 4099 p.
1067 4035 1113 4085 123
1128 4049 1192 4101 sqq.

312 4116 336 4167 2.
353 4116 431 4168 Petri
444 4117 595 4171 Abaelardl
619 4119 757 4170 Planctus
779 4117 925 4184 virginum
946 4122 1035 4174 Israel
1059 4137 1146 4188 super
1166 4124 1228 4175 fllia
1252 4125 1350 4187 Jeptae

281 4203 434 4257 Galaditae.
456 4207 599 4260 Monachii
614 4207 690 4267 1885;
708 4205 785 4258 Petri
796 4204 946 4258 Abaelardi
963 4209 1095 4274 planctus
1110 4213 1238 4266 1.11.1v.
1254 4212 1287 4263 V.
1299 4213 1348 4266 vl.

281 4293 432 4360 Erlangen,
449 4294 522 4348 1890.
