2992 5048
622 418 781 477 ..232-

647 571 752 640 CVllI

499 713 549 782 Ds
567 735 697 783 serrare
716 713 911 782 llusrscmo

582 853 715 918 Hymnus
731 851 819 917 prior.

213 967 244 1036 l.
298 967 459 1038 Exallent
478 967 595 1054 curiae
612 965 629 1002 *
644 968 804 1037 coelestis
828 968 968 1053 milites

302 1079 388 1168 Ipsis
406 1079 467 1169 qui
486 1079 659 1170 cupiunt*
677 1078 834 1169 adjungi,
856 1080 1010 1161 comites,

301 1195 455 1272 Quarum
473 1193 645 1284 collegio*
664 1203 798 1285 martyr
818 1195 981 1284 egregius

301 1309 497 1398 Adjunctus
511 1309 611 1380 hodie
630 1312 646 1348 *
665 1310 776 1401 fulget
793 1309 1014 1380 Eustachius.

239 1505 247 1521 .
303 1453 468 1542 Magister
488 1452 636 1522 militum
654 1457 670 1494 *
689 1452 728 1525 in·
744 1454 848 1522 terris
868 1458 1040 1543 praeerat,

304 1565 404 1633 Nunc
417 1585 555 1654 gemma
578 1572 772 1656 martyrum
789 1573 805 1609 *
824 1567 859 1632 in
879 1565 982 1635 coelis
994 1563 1133 1649 emicat,

303 1681 403 1748 Alter
421 1679 632 1748 Cornelius*
650 1680 716 1770 piis
727 1681 891 1769 operibus

306 1794 451 1863 Gentilis
477 1795 638 1864 meruit*
657 1794 736 1864 addi
756 1795 929 1864 fidelihus.

241 1989 249 2006 .
305 1937 501 2005 Veaantem
517 1937 684 2006 Dominus
702 1933 718 1969 *
736 1937 834 2004 illum
851 1942 998 2005 venatus
1017 1941 1082 2020 est,

306 2051 457 2121 Credens
471 2050 507 2119 in
522 2051 705 2122 Dominum
722 2058 738 2094 *
753 2073 831 2120 mox
850 2051 1044 2141 baptizatus
1058 2057 1123 2137 est,

306 2168 439 2255 Conjux
457 2187 538 2236 cum
554 2168 702 2256 conjuge
718 2163 735 2200 *
754 2166 890 2256 ducque
909 2166 1010 2235 liberi

305 2282 402 2352 Sacri
417 2281 627 2372 participes*
644 2282 724 2350 iacti
740 2289 821 2350 sunt
849 2282 991 2350 lavacri.

241 2473 249 2491 .
306 2422 473 2510 Percepta
492 2419 622 2489 lavacri
639 2420 850 2490 *confestim
868 2419 984 2510 gralia

305 2535 468 2603 Summos
482 2534 657 2602 examinat
674 2531 691 2568 *
708 2554 845 2602 summa
863 2532 1017 2618 miseria,

306 2650 351 2718 Ul
365 2669 490 2717 aurum
509 2649 655 2717 efferant
671 2647 688 2684 *
702 2649 771 2716 Deo
791 2669 828 2717 se
847 2647 984 2738 purius,

304 2762 402 2840 Quod
421 2770 567 2830 mertem
585 2762 775 2852 praevenit,
793 2764 867 2830 *fit
886 2768 996 2829 morte
1014 2759 1169 2851 gravius.

226 2907 247 2974 '.
305 2905 413 2992 Cujus
432 2923 492 2972 cor
510 2922 653 2970 saxeum
675 2900 691 2937 *
710 2901 836 2970 herum
855 2900 1046 2990 temptatio,

306 3017 401 3096 Quod
420 3025 541 3106 pectus
559 3015 741 3085 ferreum*
759 3036 828 3084 nen
849 3014 959 3082 mollit
976 3013 1103 3102 passis,

304 3132 412 3208 Quem
432 3152 499 3200 non
519 3131 709 3199 continua*
728 3138 843 3198 movet
865 3131 909 3198 ad
927 3128 1089 3196 lacrimas

303 3247 388 3313 Tam
406 3243 642 3312 miserabilis*
661 3243 784 3312 harum
802 3243 981 3312 calamitas
999 3245 1018 3311 ‘l

237 3441 246 3457 .
302 3387 369 3458 Sed
383 3385 475 3477 quod
489 3387 532 3455 ad
551 3387 711 3456 lacrimas
729 3388 937 3479 *compellet
954 3387 1077 3478 pietas,

302 3506 474 3572 Aeternae
492 3500 652 3572 relevet*
671 3504 805 3593 palmae
824 3503 988 3589 felicitas,

301 3616 345 3685 Et
363 3615 454 3684 inter
473 3616 644 3701 lacrimae,
663 3612 787 3683 *inter
806 3616 971 3705 suspiria,

299 3732 354 3801 Ad
368 3751 458 3819 quae
477 3732 526 3800 sic
544 3738 687 3799 ventum
704 3732 801 3812 est*
821 3736 1003 3799 occurrent
1017 3727 1158 3818 gaudia.

235 3923 244 3940 .
304 3873 396 3941 Laus
407 3873 503 3962 jugis
528 3869 702 3942 Domino*
724 3893 917 3962 perpesque
936 3870 1057 3961 gloria,

300 3990 408 4076 Cujus
427 3994 509 4057 sunt
523 3993 694 4078 martyres
711 3992 727 4028 *
744 3987 864 4057 invicti
879 3988 1005 4077 gratia,

268 4127 272 4142 ·
298 4102 353 4172 Ad
366 4122 471 4193 quem
489 4101 572 4172 dam
596 4102 736 4192 capiunt
754 4100 770 4136 *
789 4123 851 4193 per
882 4110 1032 4172 mortem
1048 4098 1235 4193 [tendere],

299 4218 383 4288 Post
396 4225 545 4288 mortem
563 4219 724 4287 inchoant
741 4215 757 4251 *
775 4237 928 4308 perenne
948 4217 1080 4286 vivere.
