2992 5048
649 398 809 453 -ltt-
915 408 919 418 '

198 522 334 597 propria,
349 518 438 576 video
453 521 607 576 mortuum
620 519 747 592 propria
769 521 939 589 voluntate,
951 517 1045 574 video
1059 515 1263 574 dormientem

198 624 350 696 potestate
363 617 497 691 propria.
515 618 572 686 Qui
587 621 689 676 omnia
704 634 760 678 suo
775 619 849 676 fecit
864 618 999 687 arbitrio,
1016 615 1104 687 00103
1122 615 1266 683 31101103,

199 724 235 780 ut
243 721 393 788 resurgat,
410 715 510 786 egebit
524 715 656 773 auxilio?
670 719 741 789 lpse
755 718 851 786 igitur
858 714 1094 774 resurrectionis
1110 728 1185 771 suae
1195 727 1267 770 auc-

200 833 249 900 tor
273 819 330 884 est,
345 813 397 885 qui
413 811 519 870 mortis
535 816 583 868 est
607 814 731 882 arbiter,
749 814 808 885 ‘Qui
822 815 1015 884 exspectatur
1035 825 1053 868 3
1071 809 1212 880 gentibus
1240 829 1268 867 n.

200 915 274 973 lbid.
291 928 316 969 c.
336 913 352 968 4
368 926 397 967 11.
412 911 458 967 20.

237 1013 295 1069 LV.
315 1009 421 1078 0,,101.
436 1010 471 1065 82
485 1022 513 1063 a.
527 1038 565 1048 -
578 1006 734 1065 tentiones
754 1008 901 1065 variantes
915 1022 923 1063 :
938 1009 965 1075 1,
980 1007 1007 1074 4,
1023 1005 1110 1078 eripi.
1125 1036 1162 1050 —
1174 1004 1270 1062 Adno-

195 1109 348 1180 13111311,
367 1108 381 1163 1
397 1119 463 1178 sqq.
474 1105 624 1162 Alludunt
634 1105 672 1162 ad
684 1107 758 1162 Gen.
770 1107 816 1176 49,
832 1107 859 1173 1),
876 1105 914 1163 (10
930 1119 990 1177 quo
1005 1106 1072 1161 1000
1082 1103 1162 1161 Beda
1172 1103 1270 1173 (Com-

201 1209 293 1263 ment.
310 1204 345 1260 in.
357 1205 465 1260 Genes.
484 1218 513 1260 0.
533 1203 578 1273 48)
596 1219 602 1258 :
621 1221 634 1256 ι
651 1205 875 1273 adpraedam,
888 1201 938 1275 riti
952 1201 1009 1272 mi,
1026 1199 1207 1272 ascendisti,
1223 1215 1272 1258 os-

201 1302 299 1360 tendit
316 1301 473 1371 03011100
491 1300 642 1371 populum
655 1301 869 1370 reducturum,
883 1305 914 1358 et
934 1299 1024 1371 juxta
1036 1298 1273 1367 intelligentiam

204 1394 410 1463 sacratiorem,
426 1393 602 1450 ascendisse
620 1395 654 1450 in
674 1397 781 1466 altum,
801 1397 953 1468 captivam
974 1396 1099 1454 duxisse
1114 1393 1275 1466 captivita-

202 1493 273 1558 tem,
299 1491 375 1558 sive,
397 1491 479 1562 quod
493 1491 604 1547 melius
621 1495 708 1562 puto,
729 1493 891 1565 captivitas
916 1494 1102 1566 passionem,
1128 1505 1274 1548 ascensus

204 1586 460 1644 resurrectionem
472 1587 646 1657 significant
657 1607 680 1642 n.
694 1591 796 1661 Ipsius
806 1589 966 1647 Abaelardi
976 1590 1070 1661 plana
1078 1592 1110 1647 et
1118 1589 1221 1647 lucida
1229 1593 1277 1646 est

204 1684 415 1754 interpretatio
431 1697 487 1740 nec
502 1683 705 1755 explicatione
718 1688 785 1742 ulla
802 1686 929 1755 indiget.

240 1781 314 1837 LVl.
330 1781 363 1844 C,
374 1779 471 1836 10182
485 1780 513 1836 1).
523 1812 558 1822 -
572 1783 744 1842 Adnotauda
760 1798 767 1837 t
782 1783 811 1850 2,
827 1782 918 1838 lClr.
930 1783 977 1839 Ps.
991 1782 1053 1851 109,
1061 1782 1089 1838 7.
1105 1783 1204 1853 Super
1216 1795 1277 1853 quo

206 1880 273 1936 loco
289 1877 505 1935 Pseudo-Beda
530 1881 602 1952 (PP.
627 1884 683 1939 Ll..
700 1881 745 1948 93,
762 1894 792 1950 p.
813 1879 910 1948 leant:
930 1881 1023 1935 «Hoc
1037 1882 1084 1936 est
1098 1878 1180 1951 quod
1193 1878 1275 1947 dicit,

207 1977 280 2048 quia
297 1974 372 2030 bibit
386 1978 423 2031 cic
438 1981 577 2035 torrente
592 1977 709 2035 10010.
729 1981 861 2036 Torrens
877 1980 925 2034 est
942 1977 1045 2035 fluxus
1060 1979 1183 2036 nostrae
1197 1990 1278 2033 mor-

206 2073 343 2130 talitatis.
380 2075 422 2129 De
439 2074 497 2130 hoc
518 2074 655 2132 torrente
672 2075 809 2132 Verbum
827 2075 881 2130 Dei
904 2075 1001 2146 patris
1015 2074 1093 2131 bibit
1104 2074 1233 2131 veniens
1245 2074 1278 2128 in

208 2171 287 2226 hanc
311 2169 408 2225 vitam
423 2171 587 2241 nascendo,
609 2171 781 2240 moriendo,
802 2170 956 2241 patiendo.
970 2170 1030 2228 Sed
1043 2169 1079 2227 in
1092 2169 1147 2228 oia
1160 2172 1278 2227 tantum

206 2265 228 2322 i.
244 2283 272 2324 e.
292 2266 324 2321 in
345 2273 524 2323 transcursu
538 2268 610 2326 inde
634 2269 722 2336 bibit,
752 2269 825 2339 quia
838 2268 984 2325 immunis
1004 2268 1041 2325 ab
1059 2269 1142 2325 omni
1154 2270 1281 2340 peccato

205 2365 304 2422 filit».

244 2463 374 2529 LVILC,
390 2461 443 2518 iol.
459 2463 494 2518 83
509 2476 536 2518 3.
553 2492 585 2503 -
601 2463 757 2520 lectiones
770 2463 921 2520 0311311103
937 2466 982 2532 12,
997 2465 1025 2531 2,
1041 2463 1188 2531 dubitum,
1204 2463 1236 2523 C·
1247 2490 1282 2506 -·

208 2559 238 2628 2,
254 2559 282 2614 4.
299 2559 385 2626 Quod
399 2559 505 2628 David,
524 2561 555 2614 C.
1152 2611 1153 2614 ,
1269 2604 1272 2610 .

244 2654 438 2712 4000130113(
454 2657 482 2723 2,
511 2656 527 2712 3
553 2672 600 2728 sq.
618 2674 631 2709 r
649 2658 684 2713 ln
702 2656 802 2726 figura
825 2656 937 2713 Christi
952 2655 1058 2726 David,
1087 2655 1166 2713 sicut
1180 2654 1282 2712 Golias

211 2753 244 2808 in
261 2750 362 2820 ligura
385 2752 508 2820 diaboli,
533 2758 563 2810 et
589 2754 671 2826 quod
691 2753 788 2811 David
807 2754 975 2824 prostravit
997 2753 1123 2822 Goliam,
1142 2752 1281 2814 Christus

212 2849 270 2917 est,
281 2846 334 2918 qui
352 2846 463 2902 occidit
476 2847 631 2904 cliabolum
659 2865 684 2904 n.
709 2850 838 2916 August.
858 2849 966 2903 Enarr.
982 2847 1014 2903 in
1037 2848 1089 2902 Ps.
1115 2845 1159 2901 33.
1185 2847 1280 2902 Serm.

211 2945 238 3012 1,
256 2957 286 2999 n.
313 2942 342 3011 3,
358 2943 510 3012 ebrietur,
535 2959 628 3001 verus
650 2943 757 3004 David.
778 2945 854 2999 haec
872 2940 1034 2998 Abaelardi
1050 2940 1200 2998 sententia
1223 2942 1281 3008 est,

213 3039 516 3109 hostemprostravit
545 3043 643 3096 morte
670 3040 758 3110 quasi
782 3039 894 3109 gladio,
915 3038 997 3108 quod
1011 3051 1101 3095 suum
1124 3051 1186 3093 non
1205 3038 1281 3104 erat,

216 3133 290 3205 quia
304 3148 388 3191 mors
405 3135 466 3205 ipsi
479 3136 758 3204 nonconveniebat,
770 3134 825 3191 sed
839 3135 917 3190 hanc
929 3152 942 3187 x
956 3134 994 3190 de
1004 3136 1130 3191 nostro»
1144 3145 1283 3203 assump-

204 3234 306 3287 serat.
324 3262 362 3271 —
375 3233 402 3295 4,
420 3234 434 3289 1
454 3248 521 3303 sqq.
539 3236 615 3290 Cum
629 3233 714 3289 hisce
728 3232 871 3289 versibus
887 3231 1100 3302 comparanda,
1126 3244 1205 3302 quae
1216 3232 1281 3287 Au·

217 3329 362 3398 gustinus
386 3331 419 3386 in
435 3334 483 3388 Ps.
511 3331 560 3400 63,
588 3345 618 3387 u.
646 3333 664 3385 7
684 3329 722 3386 de
740 3329 912 3386 dormiente
931 3328 1029 3392 milite
1048 3328 1145 3385 facete
1163 3326 1278 3397 arguit.

211 3457 249 3471 -
262 3430 290 3498 5,
317 3429 331 3486 1
370 3445 437 3501 sqq.
460 3434 542 3498 Quae
562 3431 594 3486 in
614 3430 776 3497 doxologia
795 3428 937 3499 exprimit
953 3426 1152 3494 Abaelardus,
1177 3424 1283 3481 eadem

212 3539 356 3584 sermone
372 3529 444 3584 Xlll
467 3528 505 3585 de
515 3528 661 3599 paschate
672 3526 788 3598 promit
799 3525 848 3581 his
861 3525 965 3582 verbis
979 3541 987 3580 :
1001 3544 1013 3578 t
1031 3523 1108 3592 Quid
1121 3523 1215 3593 igitur
1227 3521 1285 3578 mi·

214 3635 296 3690 rum,
314 3622 341 3678 si
360 3625 391 3678 et
404 3623 533 3681 biduum
549 3626 627 3682 illud
643 3625 815 3682 dominicae
832 3623 986 3694 passionis
1010 3637 1043 3680 ac
1064 3622 1241 3694 sepulturae
1252 3618 1286 3675 in

212 3720 300 3777 lnctn
319 3722 533 3791 compassionis
553 3725 720 3795 praecipue
739 3723 890 3792 ducimus,
905 3725 940 3780 ut
958 3725 1030 3794 post
1049 3721 1155 3778 flatum
1174 3716 1287 3791 gratim

212 3816 360 3874 habeatnr
373 3818 464 3886 risus,
483 3819 610 3890 necjam
619 3821 789 3879 dominicae
795 3834 961 3890 pressurae
968 3818 1175 3885 recordemur,
1183 3827 1287 3871 resur-

213 3917 361 3974 rectionis
379 3920 478 3988 gloria
502 3921 741 3992 superveniente
763 3939 787 3977 r.
805 3924 887 3989 Quae
906 3934 980 3977 sane
997 3908 1189 3990 praeclarum
1200 3911 1287 3970 testi-

215 4013 353 4070 monium
365 4020 439 4073 sunt
449 4031 505 4088 pro
520 4018 750 4075 authenticitate
759 4019 955 4088 hymnorum,
971 4031 1050 4090 quae
1062 4030 1098 4072 ex
1106 4013 1214 4071 codice
1221 4010 1287 4068 Gal·

215 4113 361 4168 montano
375 4113 477 4185 primo
496 4115 545 4172 hic
564 4115 725 4173 edidimus.
749 4113 807 4198 Sed
822 4115 879 4173 hac
898 4115 937 4174 de
954 4113 1038 4173 rein
1058 4106 1286 4168 Introductione

211 4207 289 4266 satis
305 4208 431 4269 dictum.
