2992 5048
660 406 821 462 -141-

207 556 247 639 ξ).
349 552 508 622 Torroris
527 574 566 622 ac
584 554 745 646 caliginis

389 667 463 736 Illic
486 669 586 757 piena
607 677 690 740 sunt
707 669 838 753 omnia,

344 785 452 853 Curat
471 784 528 855 hio
547 805 588 853 ex
608 785 806 869 contrariis,

398 900 592 969 paraclitus
611 902 799 969 contraria.

310 1015 451 1084 Summa
472 1035 608 1084 summo
623 1015 729 1106 regi*
750 1015 819 1085 Deo
840 1015 886 1084 sit
905 1013 1030 1103 gloria,

349 1131 457 1218 Cujus
476 1138 600 1200 cuncta
618 1137 634 1174 ’²
654 1131 856 1201 subsistunt
873 1131 999 1222 gratia,

348 1247 399 1314 Ex
418 1266 498 1335 quo,
516 1267 713 1336 perquem,
734 1252 751 1287 ¹·
773 1248 807 1314 in
829 1265 897 1335 quo
917 1253 1000 1313 sant
1018 1243 1146 1312 omnia.

213 1445 246 1511 o.
352 1441 481 1511 Omnes
499 1442 615 1535 ausort
630 1443 806 1512 molestias

228 1547 233 1555 ’
397 1555 522 1625 Divina
536 1558 741 1641 consolatio,

355 1670 478 1739 Cordis
496 1679 616 1740 exarat
630 1673 781 1754 tabulas,

397 1788 441 1854 t't
460 1796 643 1875 reparetur
661 1791 763 1856 ratio.

313 1899 456 1967 Summa
475 1919 612 1968 summo
624 1903 697 1991 regi
717 1910 732 1946 *
748 1902 817 1970 Deo
832 1907 878 1968 sit
892 1900 1015 1990 gioria,

355 2016 464 2102 CaJus
478 2020 634 2084 cuncta*
653 2016 849 2087 subsistunt
863 2019 988 2105 gratia,

351 2130 402 2197 Ex
421 2152 502 2219 qua,
523 2151 585 2220 por
602 2151 717 2220 qoem,
738 2132 888 2221 *inquo
907 2138 990 2200 sunt
1014 2128 1151 2197 omnia>

216 2323 248 2388 7.
352 2321 595 2408 Apostolorum
613 2322 788 2411 precibus,

298 2416 303 2430 ’
391 2433 483 2518 Quos
503 2435 568 2505 hac
587 2439 621 2503 ia
642 2437 698 2505 die
717 2457 913 2520 consecras

350 2550 462 2619 Isdem
477 2573 540 2621 nos
556 2553 828 2623 charismatibus

393 2665 580 2751 Confirma,
604 2687 691 2756 quos
709 2687 911 2757 regeneras.

303 2777 448 2848 Summa
469 2801 605 2850 summo
622 2785 695 2872 rogi
714 2783 730 2818 '¹‘
746 2784 814 2850 Deo
829 2783 874 2851 sit
892 2782 1014 2871 gloria,

352 2893 460 2980 Cujus
482 2904 638 2966 cuncta*
656 2897 856 2968 subsistunt
869 2899 996 2988 gratia,

351 3008 403 3074 Ex
420 3029 500 3098 quo,
516 3030 585 3099 per
603 3033 720 3101 quem,
741 3011 757 3047 *
777 3015 812 3081 in
827 3033 898 3102 quo
921 3021 1003 3081 sunt
1021 3011 1150 3080 omnia.
