2992 5048
574 406 741 462 -143-

213 558 247 626 5.
349 552 553 623 Divinarum
569 555 754 645 completio

393 670 575 738 Fastorum
594 672 680 741 haec
698 671 882 756 festivitas,

350 784 464 852 Divini
482 787 736 856 consummatio

398 901 562 970 Promissi
583 903 623 972 fit
637 901 722 971 haec
742 902 899 992 largitas.

244 1015 388 1086 Summa
402 1035 537 1085 summo
555 1019 628 1102 regi
649 1018 751 1086 *Deo
771 1018 816 1086 sit
829 1017 950 1106 gloria,

355 1130 464 1219 Cujus
478 1138 601 1198 cuncta
621 1134 637 1170 *
656 1132 855 1201 subsistunt
874 1130 999 1221 gratia,

355 1244 405 1312 Ex
421 1265 501 1335 quo,
523 1265 584 1334 per
598 1266 714 1334 quem,
735 1247 752 1284 ‘¹‘
771 1246 806 1314 in
826 1266 894 1335 quo
914 1253 995 1315 sunt
1009 1247 1136 1316 omnia.

218 1437 251 1506 ii.
359 1438 423 1516 Qui
442 1459 565 1508 verum
580 1460 682 1508 omne
701 1440 834 1524 doceat,

401 1554 601 1622 Promissus
623 1555 677 1621 hic
696 1561 748 1623 est
763 1554 922 1642 spiritus,

264 1712 266 1715 -
360 1668 424 1736 Hic
439 1675 502 1753 est,
524 1669 583 1757 qui
601 1675 726 1736 cuncta
745 1676 924 1757 suggerat,

403 1783 497 1860 Quae
510 1781 583 1851 suis
601 1782 687 1851 dixit
705 1783 811 1851 filius.

271 1895 416 1963 Summa
428 1916 564 1964 summo
585 1897 777 1985 1‘agi*Deo
797 1897 842 1966 sit
860 1898 983 1989 gloria,

359 2009 466 2097 Cujus
489 2016 642 2078 cuncta*
661 2009 856 2080 subsistunt
873 2012 998 2100 gratia,

357 2127 407 2192 Ex
427 2145 507 2213 qun,
528 2146 589 2215 par
608 2146 721 2216 quem,
743 2127 805 2193 *in
826 2147 893 2215 quo
913 2134 996 2196 sunt
1012 2129 1137 2198 omnia.

224 2310 256 2382 7.
351 2316 596 2404 Apostolorum
610 2317 784 2404 precibus,

404 2431 496 2507 Quos
511 2430 575 2499 hac
594 2432 629 2498 in
651 2431 707 2499 dia
720 2452 920 2520 consecras,

360 2543 474 2612 Isdem
494 2564 556 2613 nos
569 2544 836 2615 charismatibus

402 2659 590 2745 confirma,
606 2679 694 2749 quos
708 2651 914 2750 regeneras]

272 2772 415 2842 Summa
432 2795 566 2843 summo
585 2774 692 2864 regi*
708 2777 777 2845 Deo
797 2779 841 2847 sii
853 2780 976 2869 gloria,
1069 2841 1072 2847 .

357 2891 466 2980 Cujus
485 2899 609 2960 cuncta
628 2892 858 2963 *subsistunt
878 2896 1003 2986 gratia,

358 3009 409 3077 lix
428 3029 508 3099 quo,
524 3029 585 3096 par
604 3007 751 3096 quent,*
771 3010 805 3076 in
825 3031 893 3099 quo
908 3020 990 3080 sunt
1004 3011 1131 3080 omnia.
