2992 5048
681 827 788 896 anu
810 850 963 907 ousnrn.

704 990 748 1043 Ad
762 992 945 1045 Matutinum.

431 1215 464 1289 1..
521 1215 699 1285 Ornurunt
719 1222 850 1285 terram
867 1215 1026 1307 germina

510 1333 623 1417 Nune,
644 1332 779 1402 coelum
797 1332 995 1420 luminaria,

467 1444 558 1530 Sole,
579 1444 676 1530 luna,
696 1454 713 1489 *
730 1444 839 1514 stellis
853 1445 1064 1535 depingitur,

469 1561 623 1637 Quorum
642 1544 772 1628 multus
791 1569 807 1606 *
823 1581 907 1629 usus
918 1562 1149 1651 cognoscitur.

426 1755 460 1820 ⁸3.
522 1756 651 1825 Lucem
669 1753 900 1843 distinguunt,
923 1761 1089 1845 tempora,

515 1871 603 1939 Sunt
621 1869 657 1938 in
676 1870 774 1958 signa
792 1871 995 1956 certissima,
1019 1951 1020 1957 η

473 1987 601 2056 Cuncta
620 1986 692 2055 sere
709 1986 726 2023 *
745 1993 915 2055 terrarum
934 1986 1112 2057 commoda

469 2101 720 2170 planetarum*
738 2101 912 2170 ministrat
930 2101 1082 2191 physica.

422 2294 456 2361 3.
513 2295 606 2362 Haec
624 2311 761 2381 quoque
778 2314 842 2382 pro
863 2295 1049 2364 recondita

509 2409 671 2490 Sursum,
686 2407 799 2493 homo,
816 2409 1008 2496 considera,

464 2524 548 2592 Esse
567 2529 675 2609 tuam,
695 2526 712 2563 *
730 2529 764 2590 et
782 2522 867 2592 coeli
882 2526 978 2613 regio

468 2639 512 2707 Se
528 2637 660 2706 ¹tutetur
677 2637 695 2673 *
712 2637 837 2706 horum
852 2639 1007 2708 servitio.

422 2842 455 2908 i.
513 2840 592 2909 Sole
606 2841 696 2909 catet
711 2840 746 2909 in
760 2840 885 2927 hieme,

512 2957 575 3036 Qui
594 2962 689 3024 earet
707 2956 798 3046 ignis
816 2976 972 3043 munere,

470 3073 536 3139 Pro
555 3077 774 3139 noeturnae*
792 3071 952 3139 lucernae
971 3072 1082 3158 gratia

471 3189 607 3277 Pauper
624 3186 760 3255 habet*
777 3187 895 3254 lunam
913 3194 948 3255 et
967 3186 1095 3257 sidera.

426 3373 459 3440 u.
526 3371 654 3441 Stratis
673 3370 770 3439 dives
785 3369 960 3456 eburneis,

510 3486 655 3576 ¹Pauper
670 3488 761 3574 jacet
780 3486 979 3575 germineis,

475 3603 567 3672 Hine
587 3600 705 3670 avium
723 3601 740 3638 *
757 3601 931 3671 oblectant
945 3602 1090 3688 cantica,

477 3716 561 3786 Inde
580 3719 707 3786 florum
725 3716 742 3752 *
757 3717 867 3806 spirat
886 3716 1096 3806 fragrantia,

431 3908 464 3974 6.
521 3902 705 3994 Ιωρθηείε,
722 3903 829 3988 dives,
853 3903 969 3971 nimiis

515 4019 665 4088 Domum
684 4037 844 4086 casuram
863 4018 1047 4102 construis,

476 4134 575 4204 Futso
595 4136 668 4202 sule
687 4133 836 4222 *pingis
857 4132 1076 4217 testudinem,

474 4249 585 4319 Falsis
605 4248 714 4318 stellis
731 4247 748 4282 *
765 4246 800 4315 in
820 4246 906 4316 coeli
925 4247 1087 4336 speeiem.
