<?xml version="1.0" encoding="UTF-8"?>
<!DOCTYPE html PUBLIC "-//W3C//DTD XHTML 1.0 Transitional//EN"
    "http://www.w3.org/TR/xhtml1/DTD/xhtml1-transitional.dtd">
<html xmlns="http://www.w3.org/1999/xhtml" xml:lang="en" lang="en">
 <head>
  <title>
</title>
<meta http-equiv="Content-Type" content="text/html;charset=utf-8" />
  <meta name='ocr-system' content='tesseract 3.04.00' />
  <meta name='ocr-capabilities' content='ocr_page ocr_carea ocr_par ocr_line ocrx_word'/>
</head>
<body>
  <div class='ocr_page' id='page_1' title='image "./petriabaelardip00abelgoog_0041.png"; bbox 0 0 2992 5048; ppageno 0'>
   <div class='ocr_carea' id='block_1_1' title="bbox 621 424 762 480">
    <p class='ocr_par' dir='ltr' id='par_1_1' title="bbox 621 424 762 480">
     <span class='ocr_line' id='line_1_1' title="bbox 621 424 762 480; baseline 0 -18"><span class='ocrx_word' id='word_1_1' title='bbox 621 424 762 480; x_wconf 66' lang='lat'><strong>„25-</strong></span> 
     </span>
    </p>
   </div>
   <div class='ocr_carea' id='block_1_2' title="bbox 162 543 1241 2751">
    <p class='ocr_par' dir='ltr' id='par_1_2' title="bbox 162 543 1237 929">
     <span class='ocr_line' id='line_1_2' title="bbox 163 543 1223 629; baseline -0.002 -19"><span class='ocrx_word' id='word_1_2' title='bbox 163 547 219 610; x_wconf 82' lang='lat' dir='ltr'><strong>Dei</strong></span> <span class='ocrx_word' id='word_1_3' title='bbox 243 563 316 608; x_wconf 90' lang='lat' dir='ltr'><strong>oum</strong></span> <span class='ocrx_word' id='word_1_4' title='bbox 342 544 475 609; x_wconf 85' lang='lat' dir='ltr'><strong>cantico.</strong></span> <span class='ocrx_word' id='word_1_5' title='bbox 502 545 666 629; x_wconf 87' lang='lat' dir='ltr'><strong>Plerisque</strong></span> <span class='ocrx_word' id='word_1_6' title='bbox 679 547 776 612; x_wconf 92' lang='lat' dir='ltr'><strong>etiam</strong></span> <span class='ocrx_word' id='word_1_7' title='bbox 800 544 1058 611; x_wconf 72' lang='lat' dir='ltr'><strong>solemnitatibus</strong></span> <span class='ocrx_word' id='word_1_8' title='bbox 1084 543 1223 608; x_wconf 79' lang='lat' dir='ltr'>addebas</span> 
     </span>
     <span class='ocr_line' id='line_1_3' title="bbox 162 649 1223 734; baseline -0.003 -18"><span class='ocrx_word' id='word_1_9' title='bbox 162 653 269 716; x_wconf 81' lang='lat' dir='ltr'><strong>deesse</strong></span> <span class='ocrx_word' id='word_1_10' title='bbox 296 653 437 734; x_wconf 90' lang='lat' dir='ltr'><strong>proprios</strong></span> <span class='ocrx_word' id='word_1_11' title='bbox 454 651 600 734; x_wconf 78' lang='lat' dir='ltr'><strong>hymnos,</strong></span> <span class='ocrx_word' id='word_1_12' title='bbox 619 660 727 734; x_wconf 86' lang='lat' dir='ltr'><strong>utpote</strong></span> <span class='ocrx_word' id='word_1_13' title='bbox 741 652 946 716; x_wconf 84' lang='lat' dir='ltr'><strong>innocentum</strong></span> <span class='ocrx_word' id='word_1_14' title='bbox 959 657 990 715; x_wconf 89' lang='lat' dir='ltr'><strong>et</strong></span> <span class='ocrx_word' id='word_1_15' title='bbox 1005 649 1223 732; x_wconf 81' lang='lat' dir='ltr'><strong>Evangelista·</strong></span> 
     </span>
     <span class='ocr_line' id='line_1_4' title="bbox 164 757 1237 841; baseline -0.004 -19"><span class='ocrx_word' id='word_1_16' title='bbox 164 777 235 822; x_wconf 91' lang='lat' dir='ltr'><strong>rum</strong></span> <span class='ocrx_word' id='word_1_17' title='bbox 249 776 305 822; x_wconf 90' lang='lat' dir='ltr'><strong>seu</strong></span> <span class='ocrx_word' id='word_1_18' title='bbox 331 757 458 820; x_wconf 91' lang='lat' dir='ltr'><strong>illarum</strong></span> <span class='ocrx_word' id='word_1_19' title='bbox 473 764 663 836; x_wconf 87' lang='lat' dir='ltr'><strong>sanctarum,</strong></span> <span class='ocrx_word' id='word_1_20' title='bbox 679 777 761 840; x_wconf 93' lang='lat' dir='ltr'><strong>quae</strong></span> <span class='ocrx_word' id='word_1_21' title='bbox 773 758 912 841; x_wconf 83' lang='lat' dir='ltr'><strong>virgines</strong></span> <span class='ocrx_word' id='word_1_22' title='bbox 926 757 975 820; x_wconf 86' lang='lat' dir='ltr'><strong>vel</strong></span> <span class='ocrx_word' id='word_1_23' title='bbox 999 761 1152 840; x_wconf 75' lang='lat' dir='ltr'><strong>martyres</strong></span> <span class='ocrx_word' id='word_1_24' title='bbox 1165 757 1237 826; x_wconf 81' lang='lat' dir='ltr'><strong>mi·,</strong></span> 
     </span>
     <span class='ocr_line' id='line_1_5' title="bbox 166 863 462 929; baseline -0.007 -1"><span class='ocrx_word' id='word_1_25' title='bbox 166 866 250 929; x_wconf 88' lang='lat' dir='ltr'><strong>nime</strong></span> <span class='ocrx_word' id='word_1_26' title='bbox 263 863 462 929; x_wconf 86' lang='lat' dir='ltr'><strong>exstiterunt.</strong></span> 
     </span>
    </p>

    <p class='ocr_par' dir='ltr' id='par_1_3' title="bbox 167 969 1241 2751">
     <span class='ocr_line' id='line_1_6' title="bbox 207 969 1224 1052; baseline -0.001 -18"><span class='ocrx_word' id='word_1_27' title='bbox 207 971 387 1035; x_wconf 88' lang='lat' dir='ltr'><strong>Nonnutlos</strong></span> <span class='ocrx_word' id='word_1_28' title='bbox 418 970 552 1052; x_wconf 87' lang='lat' dir='ltr'><strong>denique</strong></span> <span class='ocrx_word' id='word_1_29' title='bbox 579 971 742 1036; x_wconf 77' lang='lat' dir='ltr'><strong>asserebas</strong></span> <span class='ocrx_word' id='word_1_30' title='bbox 773 989 852 1047; x_wconf 88' lang='lat' dir='ltr'><strong>esse,</strong></span> <span class='ocrx_word' id='word_1_31' title='bbox 877 969 1049 1052; x_wconf 89' lang='lat' dir='ltr'><strong>inquibus</strong></span> <span class='ocrx_word' id='word_1_32' title='bbox 1077 989 1224 1033; x_wconf 89' lang='lat' dir='ltr'><strong>nonnun-</strong></span> 
     </span>
     <span class='ocr_line' id='line_1_7' title="bbox 167 1073 1226 1158; baseline -0.002 -19"><span class='ocrx_word' id='word_1_33' title='bbox 167 1094 264 1158; x_wconf 87' lang='lat' dir='ltr'><strong>quam</strong></span> <span class='ocrx_word' id='word_1_34' title='bbox 291 1075 389 1152; x_wconf 87' lang='lat' dir='ltr'><strong>hos,a</strong></span> <span class='ocrx_word' id='word_1_35' title='bbox 416 1075 531 1156; x_wconf 89' lang='lat' dir='ltr'><strong>quibus</strong></span> <span class='ocrx_word' id='word_1_36' title='bbox 558 1075 774 1153; x_wconf 86' lang='lat' dir='ltr'><strong>decantantur,</strong></span> <span class='ocrx_word' id='word_1_37' title='bbox 788 1073 915 1138; x_wconf 91' lang='lat' dir='ltr'><strong>mentiri</strong></span> <span class='ocrx_word' id='word_1_38' title='bbox 938 1092 1063 1138; x_wconf 88' lang='lat' dir='ltr'><strong>necesse</strong></span> <span class='ocrx_word' id='word_1_39' title='bbox 1088 1074 1140 1152; x_wconf 90' lang='lat' dir='ltr'><strong>sit,</strong></span> <span class='ocrx_word' id='word_1_40' title='bbox 1158 1081 1226 1137; x_wconf 91' lang='lat' dir='ltr'><strong>tum</strong></span> 
     </span>
     <span class='ocr_line' id='line_1_8' title="bbox 167 1179 1226 1264; baseline 0 -19"><span class='ocrx_word' id='word_1_41' title='bbox 167 1181 312 1246; x_wconf 85' lang='lat' dir='ltr'><strong>videlicet</strong></span> <span class='ocrx_word' id='word_1_42' title='bbox 322 1200 378 1263; x_wconf 91' lang='lat' dir='ltr'><strong>pro</strong></span> <span class='ocrx_word' id='word_1_43' title='bbox 388 1183 537 1264; x_wconf 91' lang='lat' dir='ltr'><strong>temporis</strong></span> <span class='ocrx_word' id='word_1_44' title='bbox 549 1182 878 1262; x_wconf 84' lang='lat' dir='ltr'><strong>necessitate,tumpro</strong></span> <span class='ocrx_word' id='word_1_45' title='bbox 889 1179 1036 1245; x_wconf 80' lang='lat' dir='ltr'><strong>falsitatis</strong></span> <span class='ocrx_word' id='word_1_46' title='bbox 1046 1181 1226 1245; x_wconf 79' lang='lat' dir='ltr'><strong>insertione.</strong></span> 
     </span>
     <span class='ocr_line' id='line_1_9' title="bbox 171 1286 1230 1370; baseline -0.002 -18"><span class='ocrx_word' id='word_1_47' title='bbox 171 1290 252 1353; x_wconf 84' lang='lat' dir='ltr'><strong>Casu</strong></span> <span class='ocrx_word' id='word_1_48' title='bbox 275 1287 392 1370; x_wconf 88' lang='lat' dir='ltr'><strong>quippe</strong></span> <span class='ocrx_word' id='word_1_49' title='bbox 408 1287 513 1369; x_wconf 90' lang='lat' dir='ltr'><strong>aliquo</strong></span> <span class='ocrx_word' id='word_1_50' title='bbox 534 1289 583 1352; x_wconf 83' lang='lat' dir='ltr'><strong>vol</strong></span> <span class='ocrx_word' id='word_1_51' title='bbox 596 1288 828 1370; x_wconf 90' lang='lat' dir='ltr'><strong>dispensatione</strong></span> <span class='ocrx_word' id='word_1_52' title='bbox 842 1304 879 1350; x_wconf 90' lang='lat' dir='ltr'><strong>eo</strong></span> <span class='ocrx_word' id='word_1_53' title='bbox 890 1286 984 1350; x_wconf 90' lang='lat' dir='ltr'><strong>modo</strong></span> <span class='ocrx_word' id='word_1_54' title='bbox 997 1286 1124 1367; x_wconf 88' lang='lat' dir='ltr'><strong>saepius</strong></span> <span class='ocrx_word' id='word_1_55' title='bbox 1142 1304 1230 1366; x_wconf 88' lang='lat' dir='ltr'><strong>prae·</strong></span> 
     </span>
     <span class='ocr_line' id='line_1_10' title="bbox 170 1392 1231 1477; baseline -0.005 -17"><span class='ocrx_word' id='word_1_56' title='bbox 170 1394 268 1476; x_wconf 90' lang='lat' dir='ltr'><strong>pediti</strong></span> <span class='ocrx_word' id='word_1_57' title='bbox 282 1393 390 1460; x_wconf 84' lang='lat' dir='ltr'><strong>fideles</strong></span> <span class='ocrx_word' id='word_1_58' title='bbox 398 1396 569 1460; x_wconf 89' lang='lat' dir='ltr'><strong>constituta</strong></span> <span class='ocrx_word' id='word_1_59' title='bbox 585 1395 736 1459; x_wconf 88' lang='lat' dir='ltr'><strong>horarum</strong></span> <span class='ocrx_word' id='word_1_60' title='bbox 749 1394 949 1477; x_wconf 79' lang='lat' dir='ltr'><strong>temporanei</strong></span> <span class='ocrx_word' id='word_1_61' title='bbox 962 1392 1231 1474; x_wconf 82' lang='lat' dir='ltr'><strong>praeveniuntrel</strong></span> 
     </span>
     <span class='ocr_line' id='line_1_11' title="bbox 171 1499 1231 1584; baseline -0.005 -17"><span class='ocrx_word' id='word_1_62' title='bbox 171 1504 211 1567; x_wconf 88' lang='lat' dir='ltr'><strong>ab</strong></span> <span class='ocrx_word' id='word_1_63' title='bbox 225 1502 304 1584; x_wconf 89' lang='lat' dir='ltr'><strong>ipsis</strong></span> <span class='ocrx_word' id='word_1_64' title='bbox 319 1501 566 1584; x_wconf 72' lang='lat' dir='ltr'><strong>praeveniantur,</strong></span> <span class='ocrx_word' id='word_1_65' title='bbox 589 1509 623 1564; x_wconf 93' lang='lat' dir='ltr'><strong>ut</strong></span> <span class='ocrx_word' id='word_1_66' title='bbox 648 1501 686 1564; x_wconf 89' lang='lat' dir='ltr'><strong>de</strong></span> <span class='ocrx_word' id='word_1_67' title='bbox 711 1501 782 1583; x_wconf 67' lang='lat' dir='ltr'><strong>⁴ipso</strong></span> <span class='ocrx_word' id='word_1_68' title='bbox 809 1500 920 1565; x_wconf 91' lang='lat' dir='ltr'><strong>saltem</strong></span> <span class='ocrx_word' id='word_1_69' title='bbox 947 1507 1085 1580; x_wconf 90' lang='lat' dir='ltr'><strong>tempore</strong></span> <span class='ocrx_word' id='word_1_70' title='bbox 1105 1499 1231 1563; x_wconf 87' lang='lat' dir='ltr'><strong>mentiri</strong></span> 
     </span>
     <span class='ocr_line' id='line_1_12' title="bbox 171 1607 1232 1691; baseline -0.003 -18"><span class='ocrx_word' id='word_1_71' title='bbox 171 1609 409 1691; x_wconf 86' lang='lat' dir='ltr'><strong>compellantur,</strong></span> <span class='ocrx_word' id='word_1_72' title='bbox 428 1608 504 1670; x_wconf 88' lang='lat' dir='ltr'><strong>dum</strong></span> <span class='ocrx_word' id='word_1_73' title='bbox 519 1607 662 1671; x_wconf 87' lang='lat' dir='ltr'><strong>videlicet</strong></span> <span class='ocrx_word' id='word_1_74' title='bbox 678 1616 733 1671; x_wconf 89' lang='lat' dir='ltr'><strong>aut</strong></span> <span class='ocrx_word' id='word_1_75' title='bbox 750 1615 919 1673; x_wconf 87' lang='lat' dir='ltr'><strong>nocturnos</strong></span> <span class='ocrx_word' id='word_1_76' title='bbox 944 1608 995 1671; x_wconf 88' lang='lat' dir='ltr'><strong>die</strong></span> <span class='ocrx_word' id='word_1_77' title='bbox 1023 1615 1078 1672; x_wconf 90' lang='lat' dir='ltr'><strong>aut</strong></span> <span class='ocrx_word' id='word_1_78' title='bbox 1101 1608 1232 1671; x_wconf 87' lang='lat' dir='ltr'><strong>diurnos</strong></span> 
     </span>
     <span class='ocr_line' id='line_1_13' title="bbox 172 1713 1234 1797; baseline -0.004 -17"><span class='ocrx_word' id='word_1_79' title='bbox 172 1722 260 1780; x_wconf 90' lang='lat' dir='ltr'><strong>nocte</strong></span> <span class='ocrx_word' id='word_1_80' title='bbox 272 1716 408 1797; x_wconf 79' lang='lat' dir='ltr'><strong>hymnos</strong></span> <span class='ocrx_word' id='word_1_81' title='bbox 423 1716 600 1780; x_wconf 54' lang='lat' dir='ltr'><strong>decantant,</strong></span> <span class='ocrx_word' id='word_1_82' title='bbox 617 1714 746 1779; x_wconf 91' lang='lat' dir='ltr'><strong>Constat</strong></span> <span class='ocrx_word' id='word_1_83' title='bbox 764 1715 891 1796; x_wconf 86' lang='lat' dir='ltr'><strong>quippe,</strong></span> <span class='ocrx_word' id='word_1_84' title='bbox 908 1713 1083 1778; x_wconf 85' lang='lat' dir='ltr'><strong>secundum</strong></span> <span class='ocrx_word' id='word_1_85' title='bbox 1098 1714 1234 1796; x_wconf 90' lang='lat' dir='ltr'><strong>prophe-</strong></span> 
     </span>
     <span class='ocr_line' id='line_1_14' title="bbox 173 1820 1233 1888; baseline -0.001 -2"><span class='ocrx_word' id='word_1_86' title='bbox 173 1824 268 1887; x_wconf 85' lang='lat' dir='ltr'><strong>ticam</strong></span> <span class='ocrx_word' id='word_1_87' title='bbox 284 1822 499 1888; x_wconf 86' lang='lat' dir='ltr'><strong>auctoritatem</strong></span> <span class='ocrx_word' id='word_1_88' title='bbox 509 1834 540 1886; x_wconf 88' lang='lat' dir='ltr'><strong>et</strong></span> <span class='ocrx_word' id='word_1_89' title='bbox 550 1820 1030 1888; x_wconf 84' lang='lat' dir='ltr'><strong>ecclesiasticaminstitutionem</strong></span> <span class='ocrx_word' id='word_1_90' title='bbox 1041 1840 1125 1886; x_wconf 90' lang='lat' dir='ltr'><strong>neca</strong></span> <span class='ocrx_word' id='word_1_91' title='bbox 1140 1821 1233 1885; x_wconf 90' lang='lat' dir='ltr'><strong>laude</strong></span> 
     </span>
     <span class='ocr_line' id='line_1_15' title="bbox 175 1929 1236 2012; baseline 0.001 -19"><span class='ocrx_word' id='word_1_92' title='bbox 175 1931 231 1995; x_wconf 82' lang='lat' dir='ltr'><strong>Dei</strong></span> <span class='ocrx_word' id='word_1_93' title='bbox 264 1936 386 1994; x_wconf 89' lang='lat' dir='ltr'><strong>noctem</strong></span> <span class='ocrx_word' id='word_1_94' title='bbox 417 1929 519 2012; x_wconf 89' lang='lat' dir='ltr'><strong>ipsam</strong></span> <span class='ocrx_word' id='word_1_95' title='bbox 544 1948 663 2007; x_wconf 88' lang='lat' dir='ltr'><strong>vacare,</strong></span> <span class='ocrx_word' id='word_1_96' title='bbox 681 1929 775 1994; x_wconf 75' lang='lat' dir='ltr'><strong>&#39;sicut</strong></span> <span class='ocrx_word' id='word_1_97' title='bbox 794 1929 946 2010; x_wconf 89' lang='lat' dir='ltr'><strong>scriptum</strong></span> <span class='ocrx_word' id='word_1_98' title='bbox 960 1935 1007 1994; x_wconf 91' lang='lat' dir='ltr'><strong>est</strong></span> <span class='ocrx_word' id='word_1_99' title='bbox 1021 1949 1029 1992; x_wconf 81' lang='lat' dir='ltr'>t</span> <span class='ocrx_word' id='word_1_100' title='bbox 1045 1929 1169 1992; x_wconf 82' lang='lat' dir='ltr'><strong>Memor</strong></span> <span class='ocrx_word' id='word_1_101' title='bbox 1181 1930 1236 2012; x_wconf 77' lang='lat' dir='ltr'><strong>sei</strong></span> 
     </span>
     <span class='ocr_line' id='line_1_16' title="bbox 174 2036 1234 2120; baseline 0.001 -20"><span class='ocrx_word' id='word_1_102' title='bbox 174 2046 265 2102; x_wconf 88' lang='lat' dir='ltr'><strong>nocte</strong></span> <span class='ocrx_word' id='word_1_103' title='bbox 279 2039 422 2101; x_wconf 72' lang='lat' dir='ltr'><strong>nornine</strong></span> <span class='ocrx_word' id='word_1_104' title='bbox 435 2039 488 2101; x_wconf 81' lang='lat' dir='ltr'><strong>sei</strong></span> <span class='ocrx_word' id='word_1_105' title='bbox 501 2038 626 2100; x_wconf 78' lang='lat' dir='ltr'><strong>domine</strong></span> <span class='ocrx_word' id='word_1_106' title='bbox 639 2037 684 2120; x_wconf 80' lang='grc'>(4)</span> <span class='ocrx_word' id='word_1_107' title='bbox 695 2043 725 2102; x_wconf 89' lang='lat' dir='ltr'><strong>et</strong></span> <span class='ocrx_word' id='word_1_108' title='bbox 743 2038 857 2101; x_wconf 86' lang='lat' dir='ltr'><strong>iterum</strong></span> <span class='ocrx_word' id='word_1_109' title='bbox 871 2057 878 2099; x_wconf 93' lang='lat'>:</span> <span class='ocrx_word' id='word_1_110' title='bbox 895 2036 1004 2100; x_wconf 82' lang='lat' dir='ltr'><strong>Medic</strong></span> <span class='ocrx_word' id='word_1_111' title='bbox 1016 2046 1106 2101; x_wconf 87' lang='lat' dir='ltr'><strong>nocte</strong></span> <span class='ocrx_word' id='word_1_112' title='bbox 1117 2057 1234 2120; x_wconf 83' lang='lat' dir='ltr'><strong>serpe·</strong></span> 
     </span>
     <span class='ocr_line' id='line_1_17' title="bbox 176 2143 1237 2225; baseline 0.001 -18"><span class='ocrx_word' id='word_1_113' title='bbox 176 2147 252 2207; x_wconf 84' lang='lat' dir='ltr'><strong>bom</strong></span> <span class='ocrx_word' id='word_1_114' title='bbox 264 2144 309 2207; x_wconf 84' lang='lat' dir='ltr'><strong>od</strong></span> <span class='ocrx_word' id='word_1_115' title='bbox 321 2145 532 2225; x_wconf 74' lang='lat' dir='ltr'><strong>confitendum</strong></span> <span class='ocrx_word' id='word_1_116' title='bbox 551 2145 608 2206; x_wconf 83' lang='lat' dir='ltr'><strong>tibi</strong></span> <span class='ocrx_word' id='word_1_117' title='bbox 622 2145 665 2225; x_wconf 82' lang='lat'><strong>(5)</strong></span> <span class='ocrx_word' id='word_1_118' title='bbox 684 2145 742 2208; x_wconf 91' lang='lat' dir='ltr'><strong>hoc</strong></span> <span class='ocrx_word' id='word_1_119' title='bbox 757 2150 805 2206; x_wconf 92' lang='lat' dir='ltr'><strong>est</strong></span> <span class='ocrx_word' id='word_1_120' title='bbox 826 2145 867 2207; x_wconf 88' lang='lat' dir='ltr'><strong>ad</strong></span> <span class='ocrx_word' id='word_1_121' title='bbox 891 2143 1086 2207; x_wconf 88' lang='lat' dir='ltr'><strong>laudandum</strong></span> <span class='ocrx_word' id='word_1_122' title='bbox 1102 2149 1148 2221; x_wconf 87' lang='lat' dir='ltr'><strong>te;</strong></span> <span class='ocrx_word' id='word_1_123' title='bbox 1180 2162 1237 2208; x_wconf 89' lang='lat' dir='ltr'><strong>nec</strong></span> 
     </span>
     <span class='ocr_line' id='line_1_18' title="bbox 177 2247 1233 2331; baseline 0 -19"><span class='ocrx_word' id='word_1_124' title='bbox 177 2255 297 2330; x_wconf 82' lang='lat' dir='ltr'><strong>septem</strong></span> <span class='ocrx_word' id='word_1_125' title='bbox 312 2247 579 2330; x_wconf 85' lang='lat' dir='ltr'><strong>reliquaslaudes‚</strong></span> <span class='ocrx_word' id='word_1_126' title='bbox 596 2247 769 2330; x_wconf 89' lang='lat' dir='ltr'><strong>dequibus</strong></span> <span class='ocrx_word' id='word_1_127' title='bbox 792 2249 876 2313; x_wconf 86' lang='lat' dir='ltr'><strong>idem</strong></span> <span class='ocrx_word' id='word_1_128' title='bbox 898 2248 1043 2312; x_wconf 75' lang='lat' dir='ltr'><strong>meminit</strong></span> <span class='ocrx_word' id='word_1_129' title='bbox 1063 2248 1233 2331; x_wconf 89' lang='lat' dir='ltr'><strong>propheta:</strong></span> 
     </span>
     <span class='ocr_line' id='line_1_19' title="bbox 175 2353 1238 2438; baseline -0.003 -18"><span class='ocrx_word' id='word_1_130' title='bbox 175 2358 290 2438; x_wconf 81' lang='lat' dir='ltr'><strong>septies</strong></span> <span class='ocrx_word' id='word_1_131' title='bbox 301 2358 337 2418; x_wconf 83' lang='lat' dir='ltr'><strong>in</strong></span> <span class='ocrx_word' id='word_1_132' title='bbox 352 2357 400 2423; x_wconf 80' lang='lat' dir='ltr'><strong>dii</strong></span> <span class='ocrx_word' id='word_1_133' title='bbox 412 2356 461 2417; x_wconf 81' lang='lat' dir='ltr'><strong>die</strong></span> <span class='ocrx_word' id='word_1_134' title='bbox 475 2353 603 2417; x_wconf 83' lang='lat' dir='ltr'><strong>landem</strong></span> <span class='ocrx_word' id='word_1_135' title='bbox 617 2354 690 2417; x_wconf 80' lang='lat' dir='ltr'><strong>diei</strong></span> <span class='ocrx_word' id='word_1_136' title='bbox 705 2355 764 2416; x_wconf 83' lang='lat' dir='ltr'><strong>tibi</strong></span> <span class='ocrx_word' id='word_1_137' title='bbox 775 2354 830 2434; x_wconf 86' lang='grc'>(6),</span> <span class='ocrx_word' id='word_1_138' title='bbox 848 2353 910 2417; x_wconf 88' lang='lat' dir='ltr'><strong>nisi</strong></span> <span class='ocrx_word' id='word_1_139' title='bbox 928 2353 962 2417; x_wconf 91' lang='lat' dir='ltr'><strong>in</strong></span> <span class='ocrx_word' id='word_1_140' title='bbox 987 2355 1038 2417; x_wconf 91' lang='lat' dir='ltr'><strong>die</strong></span> <span class='ocrx_word' id='word_1_141' title='bbox 1061 2356 1238 2435; x_wconf 90' lang='lat' dir='ltr'><strong>persolven-</strong></span> 
     </span>
     <span class='ocr_line' id='line_1_20' title="bbox 178 2457 1239 2540; baseline -0.001 -18"><span class='ocrx_word' id='word_1_142' title='bbox 178 2460 237 2522; x_wconf 87' lang='lat' dir='ltr'><strong>das</strong></span> <span class='ocrx_word' id='word_1_143' title='bbox 259 2476 337 2522; x_wconf 89' lang='lat' dir='ltr'><strong>esse.</strong></span> <span class='ocrx_word' id='word_1_144' title='bbox 364 2458 501 2534; x_wconf 84' lang='lat' dir='ltr'><strong>Quarum</strong></span> <span class='ocrx_word' id='word_1_145' title='bbox 533 2457 660 2539; x_wconf 87' lang='lat' dir='ltr'><strong>quidem</strong></span> <span class='ocrx_word' id='word_1_146' title='bbox 687 2458 799 2538; x_wconf 88' lang='lat' dir='ltr'><strong>prima,</strong></span> <span class='ocrx_word' id='word_1_147' title='bbox 824 2477 906 2540; x_wconf 87' lang='lat' dir='ltr'><strong>quae</strong></span> <span class='ocrx_word' id='word_1_148' title='bbox 929 2457 1105 2522; x_wconf 86' lang='lat' dir='ltr'><strong>matutinae</strong></span> <span class='ocrx_word' id='word_1_149' title='bbox 1128 2457 1239 2522; x_wconf 88' lang='lat' dir='ltr'><strong>laudes</strong></span> 
     </span>
     <span class='ocr_line' id='line_1_21' title="bbox 179 2561 1240 2650; baseline 0 -24"><span class='ocrx_word' id='word_1_150' title='bbox 179 2562 390 2645; x_wconf 82' lang='lat' dir='ltr'><strong>appellantur,</strong></span> <span class='ocrx_word' id='word_1_151' title='bbox 404 2562 444 2626; x_wconf 89' lang='lat' dir='ltr'><strong>de</strong></span> <span class='ocrx_word' id='word_1_152' title='bbox 455 2581 518 2644; x_wconf 89' lang='lat' dir='ltr'><strong>qua</strong></span> <span class='ocrx_word' id='word_1_153' title='bbox 533 2564 566 2625; x_wconf 92' lang='lat' dir='ltr'><strong>in</strong></span> <span class='ocrx_word' id='word_1_154' title='bbox 579 2561 686 2650; x_wconf 86' lang='lat' dir='ltr'><strong>eodem</strong></span> <span class='ocrx_word' id='word_1_155' title='bbox 700 2563 911 2644; x_wconf 87' lang='lat' dir='ltr'><strong>scriptumest</strong></span> <span class='ocrx_word' id='word_1_156' title='bbox 926 2565 1097 2646; x_wconf 87' lang='lat' dir='ltr'><strong>propheta:</strong></span> <span class='ocrx_word' id='word_1_157' title='bbox 1113 2563 1153 2626; x_wconf 87' lang='lat' dir='ltr'><strong>In</strong></span> <span class='ocrx_word' id='word_1_158' title='bbox 1166 2584 1240 2626; x_wconf 87' lang='lat' dir='ltr'><strong>mo·</strong></span> 
     </span>
     <span class='ocr_line' id='line_1_22' title="bbox 181 2669 1241 2751; baseline 0.002 -19"><span class='ocrx_word' id='word_1_159' title='bbox 181 2671 307 2740; x_wconf 82' lang='lat' dir='ltr'><strong>tetinis,</strong></span> <span class='ocrx_word' id='word_1_160' title='bbox 323 2669 460 2741; x_wconf 82' lang='lat' dir='ltr'><strong>domine,</strong></span> <span class='ocrx_word' id='word_1_161' title='bbox 470 2669 646 2732; x_wconf 80' lang='lat' dir='ltr'><strong>neditebor</strong></span> <span class='ocrx_word' id='word_1_162' title='bbox 661 2669 698 2731; x_wconf 83' lang='lat' dir='ltr'><strong>cte</strong></span> <span class='ocrx_word' id='word_1_163' title='bbox 713 2675 743 2731; x_wconf 87' lang='lat' dir='ltr'><strong>te</strong></span> <span class='ocrx_word' id='word_1_164' title='bbox 757 2669 812 2749; x_wconf 83' lang='grc'>(7),</span> <span class='ocrx_word' id='word_1_165' title='bbox 823 2669 856 2732; x_wconf 92' lang='lat' dir='ltr'><strong>in</strong></span> <span class='ocrx_word' id='word_1_166' title='bbox 871 2669 940 2751; x_wconf 92' lang='lat' dir='ltr'><strong>ipso</strong></span> <span class='ocrx_word' id='word_1_167' title='bbox 953 2670 1062 2734; x_wconf 88' lang='lat' dir='ltr'><strong>statim</strong></span> <span class='ocrx_word' id='word_1_168' title='bbox 1074 2670 1136 2734; x_wconf 90' lang='lat' dir='ltr'><strong>diei</strong></span> <span class='ocrx_word' id='word_1_169' title='bbox 1151 2670 1241 2734; x_wconf 90' lang='lat' dir='ltr'><strong>initio</strong></span> 
     </span>
    </p>
   </div>
   <div class='ocr_carea' id='block_1_3' title="bbox 180 2769 1252 3391">
    <p class='ocr_par' dir='ltr' id='par_1_4' title="bbox 180 2769 1252 3391">
     <span class='ocr_line' id='line_1_23' title="bbox 180 2769 1241 2859; baseline 0 -19"><span class='ocrx_word' id='word_1_170' title='bbox 180 2775 378 2840; x_wconf 85' lang='lat' dir='ltr'><strong>illucescente</strong></span> <span class='ocrx_word' id='word_1_171' title='bbox 391 2794 500 2840; x_wconf 89' lang='lat' dir='ltr'><strong>aurora</strong></span> <span class='ocrx_word' id='word_1_172' title='bbox 511 2794 565 2839; x_wconf 89' lang='lat' dir='ltr'><strong>seu</strong></span> <span class='ocrx_word' id='word_1_173' title='bbox 583 2769 708 2839; x_wconf 77' lang='lat' dir='ltr'><strong>lucifero</strong></span> <span class='ocrx_word' id='word_1_174' title='bbox 725 2776 951 2857; x_wconf 87' lang='lat' dir='ltr'><strong>praemittenda</strong></span> <span class='ocrx_word' id='word_1_175' title='bbox 968 2784 1015 2841; x_wconf 86' lang='lat' dir='ltr'><strong>est</strong></span> <span class='ocrx_word' id='word_1_176' title='bbox 1029 2798 1036 2854; x_wconf 90' lang='lat'><strong>;</strong></span> <span class='ocrx_word' id='word_1_177' title='bbox 1051 2777 1241 2859; x_wconf 87' lang='lat' dir='ltr'><strong>quodetiam</strong></span> 
     </span>
     <span class='ocr_line' id='line_1_24' title="bbox 181 2860 1242 2965; baseline 0.002 -20"><span class='ocrx_word' id='word_1_178' title='bbox 181 2882 215 2945; x_wconf 93' lang='lat' dir='ltr'><strong>in</strong></span> <span class='ocrx_word' id='word_1_179' title='bbox 229 2881 385 2964; x_wconf 89' lang='lat' dir='ltr'><strong>plerisque</strong></span> <span class='ocrx_word' id='word_1_180' title='bbox 409 2860 613 2964; x_wconf 75' lang='lat' dir='ltr'><strong>distinguitur</strong></span> <span class='ocrx_word' id='word_1_181' title='bbox 638 2882 776 2965; x_wconf 82' lang='lat' dir='ltr'><strong>hymnis.</strong></span> <span class='ocrx_word' id='word_1_182' title='bbox 801 2883 881 2946; x_wconf 88' lang='lat' dir='ltr'><strong>Cum</strong></span> <span class='ocrx_word' id='word_1_183' title='bbox 900 2885 986 2947; x_wconf 89' lang='lat' dir='ltr'><strong>enim</strong></span> <span class='ocrx_word' id='word_1_184' title='bbox 1012 2884 1118 2949; x_wconf 88' lang='lat' dir='ltr'><strong>dicit:</strong></span> <span class='ocrx_word' id='word_1_185' title='bbox 1142 2884 1242 2949; x_wconf 84' lang='lat' dir='ltr'><strong>Nocte</strong></span> 
     </span>
     <span class='ocr_line' id='line_1_25' title="bbox 180 2989 1242 3072; baseline 0.002 -20"><span class='ocrx_word' id='word_1_186' title='bbox 180 2996 347 3072; x_wconf 78' lang='lat' dir='ltr'><strong>serpentes</strong></span> <span class='ocrx_word' id='word_1_187' title='bbox 361 2992 526 3071; x_wconf 70' lang='lat' dir='ltr'><strong>epitomes</strong></span> <span class='ocrx_word' id='word_1_188' title='bbox 540 3008 646 3053; x_wconf 77' lang='lat' dir='ltr'><strong>omnes</strong></span> <span class='ocrx_word' id='word_1_189' title='bbox 664 2989 708 3071; x_wconf 87' lang='grc'>(8)</span> <span class='ocrx_word' id='word_1_190' title='bbox 727 2989 891 3054; x_wconf 89' lang='lat' dir='ltr'><strong>etiterum</strong></span> <span class='ocrx_word' id='word_1_191' title='bbox 915 3009 923 3053; x_wconf 77' lang='grc' dir='ltr'><strong><em>ε</em></strong></span> <span class='ocrx_word' id='word_1_192' title='bbox 941 2991 1077 3055; x_wconf 84' lang='lat' dir='ltr'><strong>Noctem</strong></span> <span class='ocrx_word' id='word_1_193' title='bbox 1099 2991 1242 3054; x_wconf 82' lang='lat' dir='ltr'><strong>canendo</strong></span> 
     </span>
     <span class='ocr_line' id='line_1_26' title="bbox 182 3095 1245 3179; baseline 0.002 -22"><span class='ocrx_word' id='word_1_194' title='bbox 182 3098 369 3176; x_wconf 84' lang='lat' dir='ltr'><strong>rumpimus</strong></span> <span class='ocrx_word' id='word_1_195' title='bbox 383 3096 426 3177; x_wconf 86' lang='grc'>(9)</span> <span class='ocrx_word' id='word_1_196' title='bbox 435 3096 504 3160; x_wconf 91' lang='lat' dir='ltr'><strong>vel:</strong></span> <span class='ocrx_word' id='word_1_197' title='bbox 520 3096 573 3159; x_wconf 78' lang='lat' dir='ltr'><strong>Ac</strong></span> <span class='ocrx_word' id='word_1_198' title='bbox 585 3095 798 3175; x_wconf 78' lang='lat' dir='ltr'><strong>confitendum</strong></span> <span class='ocrx_word' id='word_1_199' title='bbox 810 3099 978 3179; x_wconf 78' lang='lat' dir='ltr'><strong>serpimes</strong></span> <span class='ocrx_word' id='word_1_200' title='bbox 989 3116 1158 3178; x_wconf 79' lang='lat' dir='ltr'><strong>moremque</strong></span> <span class='ocrx_word' id='word_1_201' title='bbox 1169 3116 1245 3159; x_wconf 89' lang='lat' dir='ltr'><strong>noc·</strong></span> 
     </span>
     <span class='ocr_line' id='line_1_27' title="bbox 184 3199 1247 3284; baseline -0.001 -19"><span class='ocrx_word' id='word_1_202' title='bbox 184 3205 226 3265; x_wconf 84' lang='lat' dir='ltr'><strong>tis</strong></span> <span class='ocrx_word' id='word_1_203' title='bbox 240 3204 426 3284; x_wconf 80' lang='lat' dir='ltr'><strong>rumpimus</strong></span> <span class='ocrx_word' id='word_1_204' title='bbox 441 3202 504 3283; x_wconf 86' lang='grc'>(10)</span> <span class='ocrx_word' id='word_1_205' title='bbox 517 3208 549 3265; x_wconf 90' lang='lat' dir='ltr'><strong>et</strong></span> <span class='ocrx_word' id='word_1_206' title='bbox 565 3200 640 3265; x_wconf 84' lang='lat' dir='ltr'><strong>alini</strong></span> <span class='ocrx_word' id='word_1_207' title='bbox 660 3199 751 3263; x_wconf 81' lang='lat' dir='ltr'><strong>:Non</strong></span> <span class='ocrx_word' id='word_1_208' title='bbox 769 3208 846 3263; x_wconf 85' lang='lat' dir='ltr'><strong>otro</strong></span> <span class='ocrx_word' id='word_1_209' title='bbox 858 3221 973 3265; x_wconf 84' lang='lat' dir='ltr'><strong>rerem</strong></span> <span class='ocrx_word' id='word_1_210' title='bbox 987 3204 1124 3282; x_wconf 75' lang='lat' dir='ltr'><strong>concepit</strong></span> <span class='ocrx_word' id='word_1_211' title='bbox 1139 3210 1247 3264; x_wconf 81' lang='lat' dir='ltr'><strong>terrae</strong></span> 
     </span>
     <span class='ocr_line' id='line_1_28' title="bbox 185 3305 1252 3391; baseline -0.002 -20"><span class='ocrx_word' id='word_1_212' title='bbox 185 3309 305 3372; x_wconf 87' lang='lat' dir='ltr'><strong>colores</strong></span> <span class='ocrx_word' id='word_1_213' title='bbox 333 3307 516 3391; x_wconf 83' lang='lat' dir='ltr'><strong>ornniem(l</strong></span> <span class='ocrx_word' id='word_1_214' title='bbox 526 3307 554 3387; x_wconf 92' lang='grc'>1)</span> <span class='ocrx_word' id='word_1_215' title='bbox 568 3307 617 3370; x_wconf 89' lang='lat' dir='ltr'><strong>vel</strong></span> <span class='ocrx_word' id='word_1_216' title='bbox 631 3326 639 3367; x_wconf 90' lang='lat'>:</span> <span class='ocrx_word' id='word_1_217' title='bbox 654 3307 743 3368; x_wconf 86' lang='lat' dir='ltr'><strong>Nem</strong></span> <span class='ocrx_word' id='word_1_218' title='bbox 759 3305 874 3369; x_wconf 86' lang='lat' dir='ltr'><strong>lectulo</strong></span> <span class='ocrx_word' id='word_1_219' title='bbox 897 3310 1126 3391; x_wconf 68' lang='lat' dir='ltr'><strong>conserpentes</strong></span> <span class='ocrx_word' id='word_1_220' title='bbox 1145 3306 1252 3370; x_wconf 82' lang='lat' dir='ltr'><strong>noctis</strong></span> 
     </span>
    </p>
   </div>
   <div class='ocr_carea' id='block_1_4' title="bbox 183 3411 1255 4341">
    <p class='ocr_par' dir='ltr' id='par_1_5' title="bbox 183 3411 1255 4341">
     <span class='ocr_line' id='line_1_29' title="bbox 185 3411 1250 3498; baseline -0.001 -21"><span class='ocrx_word' id='word_1_221' title='bbox 185 3416 442 3498; x_wconf 82' lang='lat' dir='ltr'><strong>quictotemporc</strong></span> <span class='ocrx_word' id='word_1_222' title='bbox 455 3413 521 3497; x_wconf 83' lang='lat' dir='ltr'><strong>(ts)</strong></span> <span class='ocrx_word' id='word_1_223' title='bbox 546 3418 577 3477; x_wconf 93' lang='lat' dir='ltr'><strong>et</strong></span> <span class='ocrx_word' id='word_1_224' title='bbox 598 3430 745 3476; x_wconf 90' lang='lat' dir='ltr'><strong>rursum:</strong></span> <span class='ocrx_word' id='word_1_225' title='bbox 767 3413 807 3476; x_wconf 80' lang='lat' dir='ltr'><strong>tn</strong></span> <span class='ocrx_word' id='word_1_226' title='bbox 835 3416 954 3495; x_wconf 84' lang='lat' dir='ltr'><strong>quique</strong></span> <span class='ocrx_word' id='word_1_227' title='bbox 977 3414 1077 3478; x_wconf 75' lang='lat' dir='ltr'><strong>liores</strong></span> <span class='ocrx_word' id='word_1_228' title='bbox 1103 3411 1250 3477; x_wconf 86' lang='lat' dir='ltr'><strong>noctium</strong></span> 
     </span>
     <span class='ocr_line' id='line_1_30' title="bbox 183 3517 1252 3603; baseline -0.004 -19"><span class='ocrx_word' id='word_1_229' title='bbox 183 3540 272 3584; x_wconf 86' lang='lat' dir='ltr'><strong>nunc</strong></span> <span class='ocrx_word' id='word_1_230' title='bbox 281 3521 472 3584; x_wconf 83' lang='lat' dir='ltr'><strong>concinendo</strong></span> <span class='ocrx_word' id='word_1_231' title='bbox 485 3520 669 3600; x_wconf 78' lang='lat' dir='ltr'><strong>rumpimus</strong></span> <span class='ocrx_word' id='word_1_232' title='bbox 681 3517 748 3600; x_wconf 90' lang='grc'>(13)</span> <span class='ocrx_word' id='word_1_233' title='bbox 763 3524 793 3581; x_wconf 86' lang='lat' dir='ltr'><strong>et</strong></span> <span class='ocrx_word' id='word_1_234' title='bbox 811 3518 929 3582; x_wconf 85' lang='lat' dir='ltr'><strong>similia</strong></span> <span class='ocrx_word' id='word_1_235' title='bbox 946 3539 953 3582; x_wconf 92' lang='lat'>:</span> <span class='ocrx_word' id='word_1_236' title='bbox 971 3518 1033 3602; x_wconf 89' lang='lat' dir='ltr'><strong>ipsi</strong></span> <span class='ocrx_word' id='word_1_237' title='bbox 1055 3519 1116 3583; x_wconf 87' lang='lat' dir='ltr'><strong>sibi</strong></span> <span class='ocrx_word' id='word_1_238' title='bbox 1138 3518 1252 3603; x_wconf 76' lang='lat' dir='ltr'><strong>hymni</strong></span> 
     </span>
     <span class='ocr_line' id='line_1_31' title="bbox 186 3623 1249 3707; baseline -0.003 -18"><span class='ocrx_word' id='word_1_239' title='bbox 186 3625 273 3707; x_wconf 92' lang='lat' dir='ltr'><strong>quod</strong></span> <span class='ocrx_word' id='word_1_240' title='bbox 290 3625 436 3689; x_wconf 86' lang='lat' dir='ltr'><strong>nocturni</strong></span> <span class='ocrx_word' id='word_1_241' title='bbox 463 3630 548 3700; x_wconf 85' lang='lat' dir='ltr'><strong>suut,</strong></span> <span class='ocrx_word' id='word_1_242' title='bbox 573 3623 783 3687; x_wconf 90' lang='lat' dir='ltr'><strong>testimouium</strong></span> <span class='ocrx_word' id='word_1_243' title='bbox 802 3624 964 3706; x_wconf 87' lang='lat' dir='ltr'><strong>praebent.</strong></span> <span class='ocrx_word' id='word_1_244' title='bbox 985 3623 1038 3690; x_wconf 86' lang='lat' dir='ltr'><strong>Sic</strong></span> <span class='ocrx_word' id='word_1_245' title='bbox 1051 3632 1083 3690; x_wconf 89' lang='lat' dir='ltr'><strong>et</strong></span> <span class='ocrx_word' id='word_1_246' title='bbox 1098 3624 1249 3688; x_wconf 90' lang='lat' dir='ltr'><strong>matutini</strong></span> 
     </span>
     <span class='ocr_line' id='line_1_32' title="bbox 186 3728 1251 3814; baseline -0.003 -20"><span class='ocrx_word' id='word_1_247' title='bbox 186 3747 240 3794; x_wconf 89' lang='lat' dir='ltr'><strong>seu</strong></span> <span class='ocrx_word' id='word_1_248' title='bbox 265 3730 378 3813; x_wconf 89' lang='lat' dir='ltr'><strong>reliqui</strong></span> <span class='ocrx_word' id='word_1_249' title='bbox 394 3729 507 3812; x_wconf 79' lang='lat' dir='ltr'><strong>hymni</strong></span> <span class='ocrx_word' id='word_1_250' title='bbox 530 3728 645 3812; x_wconf 88' lang='lat' dir='ltr'><strong>proprii</strong></span> <span class='ocrx_word' id='word_1_251' title='bbox 667 3729 814 3810; x_wconf 87' lang='lat' dir='ltr'><strong>temporis</strong></span> <span class='ocrx_word' id='word_1_252' title='bbox 832 3729 912 3813; x_wconf 80' lang='lat' dir='ltr'><strong>(tt),</strong></span> <span class='ocrx_word' id='word_1_253' title='bbox 933 3750 996 3814; x_wconf 91' lang='lat' dir='ltr'><strong>quo</strong></span> <span class='ocrx_word' id='word_1_254' title='bbox 1025 3730 1149 3795; x_wconf 87' lang='lat' dir='ltr'><strong>dicendi</strong></span> <span class='ocrx_word' id='word_1_255' title='bbox 1175 3735 1251 3793; x_wconf 84' lang='lat' dir='ltr'><strong>sunt</strong></span> 
     </span>
     <span class='ocr_line' id='line_1_33' title="bbox 186 3831 1253 3916; baseline -0.001 -19"><span class='ocrx_word' id='word_1_256' title='bbox 186 3833 419 3898; x_wconf 88' lang='lat' dir='ltr'><strong>institutionem</strong></span> <span class='ocrx_word' id='word_1_257' title='bbox 437 3851 664 3915; x_wconf 90' lang='lat' dir='ltr'><strong>nonnunquam</strong></span> <span class='ocrx_word' id='word_1_258' title='bbox 680 3831 876 3914; x_wconf 80' lang='lat' dir='ltr'><strong>profitentur,</strong></span> <span class='ocrx_word' id='word_1_259' title='bbox 891 3834 979 3898; x_wconf 86' lang='lat' dir='ltr'><strong>verbi</strong></span> <span class='ocrx_word' id='word_1_260' title='bbox 995 3834 1187 3916; x_wconf 80' lang='lat' dir='ltr'><strong>gratiosum</strong></span> <span class='ocrx_word' id='word_1_261' title='bbox 1202 3833 1253 3896; x_wconf 91' lang='lat' dir='ltr'><strong>di·</strong></span> 
     </span>
     <span class='ocr_line' id='line_1_34' title="bbox 184 3931 1251 4023; baseline -0.006 -19"><span class='ocrx_word' id='word_1_262' title='bbox 184 3940 294 4004; x_wconf 89' lang='lat' dir='ltr'><strong>citur:</strong></span> <span class='ocrx_word' id='word_1_263' title='bbox 321 3940 403 4006; x_wconf 82' lang='lat' dir='ltr'><strong>Ecce</strong></span> <span class='ocrx_word' id='word_1_264' title='bbox 415 3931 493 4022; x_wconf 82' lang='lat' dir='ltr'><strong>jem</strong></span> <span class='ocrx_word' id='word_1_265' title='bbox 519 3941 619 4003; x_wconf 72' lang='lat' dir='ltr'><strong>noctis</strong></span> <span class='ocrx_word' id='word_1_266' title='bbox 641 3945 794 4001; x_wconf 85' lang='lat' dir='ltr'><strong>tenenter</strong></span> <span class='ocrx_word' id='word_1_267' title='bbox 816 3941 936 4003; x_wconf 84' lang='lat' dir='ltr'><strong>embra</strong></span> <span class='ocrx_word' id='word_1_268' title='bbox 957 3940 1025 4023; x_wconf 79' lang='lat' dir='ltr'><strong>(tt)</strong></span> <span class='ocrx_word' id='word_1_269' title='bbox 1052 3948 1083 4004; x_wconf 91' lang='lat' dir='ltr'><strong>ot</strong></span> <span class='ocrx_word' id='word_1_270' title='bbox 1111 3940 1251 4003; x_wconf 89' lang='lat' dir='ltr'><strong>iterum:</strong></span> 
     </span>
     <span class='ocr_line' id='line_1_35' title="bbox 184 4044 1247 4129; baseline -0.001 -21"><span class='ocrx_word' id='word_1_271' title='bbox 184 4046 260 4110; x_wconf 77' lang='lat' dir='ltr'><strong>Len</strong></span> <span class='ocrx_word' id='word_1_272' title='bbox 273 4065 341 4111; x_wconf 87' lang='lat' dir='ltr'><strong>ecce</strong></span> <span class='ocrx_word' id='word_1_273' title='bbox 354 4048 460 4128; x_wconf 75' lang='lat' dir='ltr'><strong>serpit</strong></span> <span class='ocrx_word' id='word_1_274' title='bbox 473 4066 577 4110; x_wconf 81' lang='lat' dir='ltr'><strong>aereo</strong></span> <span class='ocrx_word' id='word_1_275' title='bbox 603 4045 669 4127; x_wconf 89' lang='grc'>(16)</span> <span class='ocrx_word' id='word_1_276' title='bbox 692 4044 741 4108; x_wconf 87' lang='lat' dir='ltr'><strong>vel</strong></span> <span class='ocrx_word' id='word_1_277' title='bbox 757 4064 765 4108; x_wconf 74' lang='grc' dir='ltr'>ι</span> <span class='ocrx_word' id='word_1_278' title='bbox 781 4046 915 4110; x_wconf 83' lang='lat' dir='ltr'><strong>Aerorc</strong></span> <span class='ocrx_word' id='word_1_279' title='bbox 931 4048 1009 4128; x_wconf 80' lang='lat' dir='ltr'><strong>jem</strong></span> <span class='ocrx_word' id='word_1_280' title='bbox 1035 4049 1162 4129; x_wconf 61' lang='lat' dir='ltr'><strong>spargit</strong></span> <span class='ocrx_word' id='word_1_281' title='bbox 1187 4063 1247 4126; x_wconf 85' lang='lat' dir='ltr'><strong>po·</strong></span> 
     </span>
     <span class='ocr_line' id='line_1_36' title="bbox 185 4151 1249 4235; baseline -0.002 -21"><span class='ocrx_word' id='word_1_282' title='bbox 185 4153 255 4215; x_wconf 87' lang='lat' dir='ltr'><strong>lem</strong></span> <span class='ocrx_word' id='word_1_283' title='bbox 265 4153 333 4235; x_wconf 89' lang='grc'>(17)</span> <span class='ocrx_word' id='word_1_284' title='bbox 348 4171 402 4218; x_wconf 90' lang='lat' dir='ltr'><strong>seu</strong></span> <span class='ocrx_word' id='word_1_285' title='bbox 419 4172 461 4221; x_wconf 80' lang='lat' dir='ltr'><strong>:n</strong></span> <span class='ocrx_word' id='word_1_286' title='bbox 477 4153 610 4216; x_wconf 81' lang='lat' dir='ltr'><strong>Aeroro</strong></span> <span class='ocrx_word' id='word_1_287' title='bbox 626 4151 706 4214; x_wconf 72' lang='lat' dir='ltr'><strong>luces</strong></span> <span class='ocrx_word' id='word_1_288' title='bbox 720 4152 909 4235; x_wconf 71' lang='lat' dir='ltr'><strong>rutilet(l8)</strong></span> <span class='ocrx_word' id='word_1_289' title='bbox 923 4161 955 4218; x_wconf 90' lang='lat' dir='ltr'><strong>et</strong></span> <span class='ocrx_word' id='word_1_290' title='bbox 975 4154 1074 4217; x_wconf 87' lang='lat' dir='ltr'><strong>alibi:</strong></span> <span class='ocrx_word' id='word_1_291' title='bbox 1091 4153 1166 4214; x_wconf 84' lang='lat' dir='ltr'><strong>Ales</strong></span> <span class='ocrx_word' id='word_1_292' title='bbox 1181 4151 1249 4213; x_wconf 80' lang='lat' dir='ltr'><strong>diei</strong></span> 
     </span>
     <span class='ocr_line' id='line_1_37' title="bbox 184 4254 1255 4341; baseline -0.005 -19"><span class='ocrx_word' id='word_1_293' title='bbox 184 4263 321 4324; x_wconf 75' lang='lat' dir='ltr'><strong>ceretius</strong></span> <span class='ocrx_word' id='word_1_294' title='bbox 336 4262 440 4325; x_wconf 86' lang='lat' dir='ltr'><strong>lucem</strong></span> <span class='ocrx_word' id='word_1_295' title='bbox 450 4260 667 4341; x_wconf 80' lang='lat' dir='ltr'><strong>propinquum</strong></span> <span class='ocrx_word' id='word_1_296' title='bbox 679 4260 838 4337; x_wconf 79' lang='lat' dir='ltr'><strong>praecinit</strong></span> <span class='ocrx_word' id='word_1_297' title='bbox 852 4258 919 4339; x_wconf 85' lang='grc'>(19)</span> <span class='ocrx_word' id='word_1_298' title='bbox 937 4259 1006 4324; x_wconf 86' lang='lat' dir='ltr'><strong>vel:</strong></span> <span class='ocrx_word' id='word_1_299' title='bbox 1032 4260 1131 4324; x_wconf 74' lang='lat' dir='ltr'><strong>Ornos</strong></span> <span class='ocrx_word' id='word_1_300' title='bbox 1146 4254 1255 4338; x_wconf 78' lang='lat' dir='ltr'><strong>resel-</strong></span> 
     </span>
    </p>
   </div>
   <div class='ocr_carea' id='block_1_5' title="bbox 0 0 1521 5048">
    <p class='ocr_par' dir='ltr' id='par_1_6' title="bbox 0 0 1521 5048">
     <span class='ocr_line' id='line_1_38' title="bbox 0 0 1521 5048; baseline 0 0"><span class='ocrx_word' id='word_1_301' title='bbox 0 0 1521 5048; x_wconf 95' lang='lat' dir='ltr'><strong> </strong></span> 
     </span>
    </p>
   </div>
  </div>
 </body>
</html>
