2992 5048
617 453 778 509 =-el-

180 592 243 636 uno
255 577 394 648 neglecto
410 575 493 632 aliud
506 574 614 646 eligas.
628 574 715 633 Unde
730 574 826 632 satius
839 573 941 630 visum
951 573 1006 642 cst,
1020 571 1161 630 lacunam
1173 586 1237 630 non

179 675 329 746 repletam
341 673 527 742 relinquere.

195 756 399 829 ¹ldnotanda.
429 773 471 827 De
490 770 550 827 hac
577 772 677 826 aetate
702 768 891 827 abaelardus
927 769 994 824 loco
1025 781 1086 839 quo
1110 780 1205 839 supra
1231 783 1239 822 ε

184 869 327 935 «Quarta
349 864 490 923 dieiacta
503 865 668 922 luminaria
694 866 798 922 lucem
813 864 1032 936 prophetarum
1057 868 1128 935 post
1140 864 1243 934 legem

182 963 363 1034 significant,
381 961 625 1034 longelapertius
642 962 680 1020 de
694 963 827 1020 ¹Christo
853 962 1045 1033 loquentium
1072 977 1164 1035 quam
1190 965 1241 1021 lex

181 1060 308 1130 antiqua
321 1059 436 1116 fecerat
451 1059 531 1116 sicut
545 1056 620 1116 dicit
637 1059 765 1116 Daniel:
780 1058 1029 1115 Pertransibu'nl
1053 1057 1192 1128 plurimi
1214 1063 1243 1116 et

181 1157 352 1228 multiplex
364 1155 425 1212 erit
437 1155 571 1213 scientia
585 1160 654 1213 tam
669 1155 705 1212 iu
719 1154 808 1225 viris,
824 1159 860 1210 ul
873 1155 908 1211 in
923 1157 1082 1227 Samuele,
1094 1157 1240 1223 Nathan,

184 1267 285 1327 quam
300 1254 335 1310 in
348 1251 488 1323 seminis,
503 1252 587 1311 sicut
602 1253 638 1308 iu
650 1257 762 1309 Auno.
785 1253 913 1324 Proprie
927 1267 1059 1324 namque
1072 1269 1090 1310 a
1104 1253 1244 1310 Samuele

183 1357 306 1425 tempus
330 1352 551 1424 prophetarum
573 1350 699 1423 incepit,
715 1350 796 1408 siout
810 1350 843 1406 in
863 1351 988 1407 Actibus
1015 1352 1242 1422 Apostolorum,

183 1450 237 1507 ubi
253 1451 400 1522 scriptum
415 1452 463 1506 est
478 1467 485 1504 ι
501 1453 540 1507 Bt
555 1463 665 1507 ornnes
672 1449 853 1519 prophetae
864 1464 885 1507 a
898 1451 1030 1506 Samuel
1042 1454 1071 1506 ct
1086 1449 1244 1520 deinceps,

188 1547 351 1616 diligenter
364 1546 552 1618 exprimitur.
569 1546 650 1603 Beda
660 1545 752 1603 etiam
766 1549 938 1614 attestante,
955 1546 1027 1604 dum
1042 1547 1144 1604 locum
1156 1547 1246 1605 illum

188 1647 354 1716 exponeret
373 1644 477 1701 dicens
506 1662 514 1698 ε
545 1642 691 1710 Quamvis
719 1635 911 1713 patriarchae
939 1646 971 1699 et
984 1642 1081 1700 sancti
1108 1643 1247 1715 priorum

186 1745 360 1813 temporum
384 1741 481 1798 multa
499 1741 538 1798 de
561 1740 681 1797 Christo
711 1739 799 1796 dictis
821 1739 971 1811 factisque
995 1741 1248 1812 prophetaverint

186 1843 309 1910 tempus
335 1841 438 1894 tamen
464 1837 589 1909 proprie
617 1836 849 1909 prophetarum,
880 1851 987 1894 eorum
1014 1836 1092 1907 dico,
1129 1839 1183 1909 qui
1210 1839 1249 1897 de

190 1932 526 2005 Christchclesiaeque
540 1933 686 2003 mysterio
696 1933 858 1990 manifeste
867 1933 1068 2005 scripserunt,
1079 1949 1097 1992 a
1109 1936 1250 1994 Samuele

189 2031 347 2090 exordium
363 2030 538 2101 sumpsitet
549 2045 651 2102 usque
666 2030 704 2087 ad
717 2030 901 2100 Babyloniae
920 2032 1105 2104 captivitatis
1120 2034 1251 2090 solutio-

191 2144 263 2187 nem
277 2128 447 2200 permansit
464 2146 488 2182 s.
500 2157 536 2167 —
551 2127 630 2184 Beda
643 2141 718 2184 vero
737 2128 771 2182 in
790 2129 1021 2185 hexaemeron:
1038 2151 1052 2180 α
1069 2131 1182 2196 Quarta
1199 2130 1250 2189 die

191 2227 356 2285 luminaria
370 2229 490 2285 coelum
505 2227 622 2297 accepit
636 2228 667 2280 et
682 2229 790 2297 quarta
801 2229 899 2282 aetate
912 2227 1069 2299 praelatus
1084 2228 1138 2285 Dei
1150 2242 1252 2300 popu-

192 2327 243 2383 lus
256 2338 336 2381 nova
350 2327 397 2380 est
416 2323 512 2380 iactus
527 2323 666 2379 claritate
681 2321 875 2392 conspicuus,
890 2336 948 2393 per
969 2324 1132 2395 imperium
1153 2325 1252 2384 David

193 2424 225 2478 et
239 2421 409 2478 Salomonis
424 2419 615 2489 aliorumque
627 2432 735 2486 regum
752 2422 814 2475 Deo
828 2422 952 2475 auctore
965 2421 1169 2491 regnantium,
1194 2435 1252 2493 per

193 2516 419 2575 nobilissimum
434 2515 523 2586 illud,
536 2515 619 2586 quod
632 2515 773 2570 Salomon
787 2518 849 2571 ileo
863 2515 1008 2586 condidit,
1022 2517 1181 2588 templum,
1195 2533 1254 2590 per

195 2612 283 2683 signa
295 2611 525 2683 prophetarum,
541 2623 620 2680 quae
633 2608 751 2664 cunctis
766 2622 873 2677 regum
889 2609 1056 2666 eorundem
1085 2624 1146 2667 non
1160 2611 1255 2669 desti-

193 2713 299 2767 terunt
311 2708 423 2766 florere
449 2706 648 2778 temporibus,
660 2720 780 2776 perque
793 2704 871 2763 illud
886 2692 1026 2775 maxime,
1057 2707 1139 2777 quod
1151 2690 1253 2779 primo

194 2811 226 2864 et
240 2805 558 2879 praeeminentissimo
574 2818 681 2873 regum
703 2802 761 2860 sibi
775 2803 964 2875 placentium
973 2802 1091 2874 juravit
1105 2808 1253 2862 Dominus

194 2900 299 2957 dicens
316 2901 381 2956 :Dc
393 2898 507 2967 fructu
530 2897 648 2953 ventris
676 2895 724 2952 tui
744 2910 873 2966 pollam
898 2899 1119 2966 supersectam
1146 2913 1255 2956 lucam

196 2999 257 3070 (Ps.
270 2996 331 3063 131,
348 2996 402 3064 11).
418 2997 532 3053 Verum
547 2998 578 3051 et
591 2993 641 3050 hic
661 2993 699 3050 ad
710 3007 874 3064 vesperam
887 2994 952 3050 dies
980 2994 1124 3050 inclinari·
1148 2995 1253 3067 coepit,

196 3107 266 3151 cum
278 3091 474 3165 postmodum
489 3096 520 3148 et
534 3105 623 3160 reges
638 3090 730 3148 iidem
758 3093 794 3147 et·
809 3090 916 3161 populi
938 3092 1087 3162 templum
1106 3092 1256 3163 legesque

196 3191 251 3248 Dei
267 3192 447 3261 spernentes
460 3189 570 3245 vastati
593 3202 628 3244 ac
643 3185 800 3244 dilacerati
816 3185 937 3243 suntab
966 3186 1114 3244 hostibus.
1131 3187 1257 3244 Gravis·

198 3286 276 3342 sima
288 3298 363 3341 vero
377 3285 406 3341 ei
420 3298 483 3341 non
507 3285 606 3341 solum
618 3297 748 3354 vespera
764 3282 818 3340 sed
844 3297 904 3339 nox
923 3282 1065 3340 succedit·
1074 3297 1144 3340 oum
1155 3288 1257 3341 totum

199 3383 278 3441 illud
294 3395 425 3452 regnum
452 3395 605 3448 eversum,
635 3381 783 3451 templum
810 3380 983 3448 incensum,
1009 3383 1144 3452 populus
1167 3382 1260 3439 estin

198 3479 400 3550 Babyloniam
413 3477 551 3549 captivus
571 3478 668 3534 omnis
681 3477 828 3534 abductus
843 3499 867 3533 ι.

235 3577 343 3634 XXlV.
372 3578 405 3641 B,
422 3574 475 3632 fol.
490 3573 569 3631 86a.
583 3605 620 3615 -
643 3574 797 3632 lectiones
822 3574 996 3634 variantes:
1017 3576 1044 3646 3,
1061 3577 1087 3633 3.
1110 3576 1156 3634 Ad
1181 3578 1263 3635 hunc

203 3686 330 3730 versum
344 3673 377 3728 in
405 3672 511 3729 notula
526 3672 608 3728 Pitra
625 3688 632 3727 ε
651 3673 756 3729 Codes
774 3672 866 3728 llobel
880 3671 1049 3743 injecerit,
1064 3672 1265 3731 clarissimus

204 3768 250 3825 vir
270 3767 388 3828 cousin
415 3767 605 3837 injuoceril.
629 3771 710 3835 Bene
737 3770 911 3828 emendavit
926 3772 965 3829 oi.
987 3772 1070 3829 Pitra
1084 3771 1264 3844 inunxerit,

199 3865 347 3923 sedbene
372 3865 448 3935 legit
477 3866 520 3922 ol.
546 3865 670 3923 cousin.
699 3866 800 3924 Codex
816 3867 898 3924 enim
926 3869 1134 3927 Bruxeliensis
1155 3885 1266 3943 reapse

202 3963 295 4020 habet
308 3962 486 4033 injunxerit.

199 4112 203 4120 .
234 4060 409 4118 adnotanda
425 4079 432 4118 :
446 4064 675 4130 Argumentum
691 4062 797 4132 hymni
812 4064 844 4119 in
858 4066 1067 4123 Hexaemeron
1085 4066 1128 4123 ita
1146 4067 1266 4128 exhibet

199 4156 389 4214 Abaelardus
400 4173 407 4211 :
417 4174 430 4211 ι
439 4157 549 4225 Quinta
559 4161 641 4215 aetas
654 4159 745 4229 quasi
756 4159 877 4217 senium
890 4161 996 4218 mundi
1010 4162 1163 4221 deiectum
1175 4179 1267 4236 prae-

199 4254 361 4312 teritorum
375 4254 526 4312 bonorum
550 4255 700 4328 designat,
715 4271 785 4314 cum
796 4257 861 4327 jam
872 4259 1064 4331 patriarchae
1088 4263 1264 4335 etprophe·
