2992 5048
709 435 852 494 ..75-

242 557 435 630 resplenduit
448 572 483 615 ac
496 560 579 614 tanta
591 558 696 616 mundi
716 558 880 628 caliginem
900 557 1038 614 veritatis
1051 558 1121 614 luce
1144 558 1310 632 discussit,

242 655 320 711 utin
334 653 447 712 diaboli
460 653 594 711 tenebris
609 655 714 712 nullus
730 653 917 712 offenderet.

279 751 340 810 Cir.
361 752 500 823 insuper,
518 765 596 823 quae
616 751 649 807 in
671 752 785 822 hymno
804 748 980 807 nativitatis
1000 745 1170 806 dominicae
1194 748 1313 805 cecinit

243 851 331 907 Othlo
350 850 578 907 Ratisbonensis
592 851 746 920 (Morem
761 849 779 904 3
798 847 807 920 )
825 863 833 902 2

476 999 536 1048 lllc
547 999 694 1061 signatu
710 1010 866 1047 reserans
878 997 1006 1060 linum

476 1085 569 1147 loonio
577 1086 739 1133 obscum
754 1082 878 1148 fideique
894 1095 987 1147 purae

422 1225 433 1236 ,
477 1175 614 1227 Sensibus
630 1174 738 1226 nostris
748 1173 839 1226 aderit
850 1173 987 1238 perennis

602 1265 658 1315 Pro
676 1263 860 1316 renovandis.

282 1487 336 1542 xl.
349 1484 435 1542 Biol.
452 1484 487 1540 83
497 1484 528 1541 b.
539 1514 576 1524 —
586 1481 742 1540 Lectiones
754 1479 908 1537 rorimtos
922 1494 930 1536 t
942 1480 970 1551 3,
979 1480 1003 1537 1.
1016 1483 1100 1536 linnc
1112 1478 1314 1547 invisibilem,

245 1585 279 1650 B,
294 1581 404 1637 falsam
417 1580 539 1636 literam
550 1577 694 1650 apposuit
704 1575 894 1640 rubricatum
911 1576 992 1633 male
1006 1575 1082 1645 legit
1103 1575 1186 1631 Pitra
1202 1575 1311 1645 Nuuc,

247 1679 458 1738 rectecousin
472 1678 630 1750 supplevit
643 1680 674 1733 et
684 1675 779 1733 edidit
789 1678 907 1741 Ηίιηος
932 1677 990 1732 hoc
1006 1676 1087 1732 enim
1112 1690 1223 1732 sensns
1245 1675 1311 1732 exi·

252 1775 306 1844 git.

283 1869 476 1927 Adnotonde:
494 1872 520 1940 1,
536 1871 549 1927 1
562 1885 629 1941 sqq.
646 1872 728 1937 Quae
743 1868 784 1924 sit
797 1883 918 1939 aurora,
934 1868 973 1925 de
986 1883 1046 1940 quo
1061 1868 1089 1925 oi
1104 1882 1216 1940 sermo,
1244 1869 1319 1940 ipse

249 1966 439 2025 Abaelardus
452 1983 546 2026 versu
561 1966 695 2025 secundo
710 1965 811 2024 edicit.
829 1966 1004 2022 Luciferum
1026 1966 1157 2023 eundem
1181 1980 1252 2022 esse
1282 1981 1317 2023 ac

252 2065 359 2133 solem,
375 2065 528 2124 Christum
544 2059 661 2122 scilicet
673 2064 843 2134 Dominum,
866 2078 961 2121 versu
974 2066 1002 2132 2,
1019 2065 1045 2133 1,
1062 2066 1167 2136 aperte
1189 2063 1307 2120 innuit.

253 2161 407 2218 Christum
420 2162 582 2219 lucilerum
598 2160 809 2232 appellatipse
822 2160 1124 2232 hymnographorum
1138 2173 1252 2231 parens
1273 2173 1312 2216 ec·

248 2258 393 2329 princeps
409 2257 596 2328 Ambrosium,
611 2257 643 2313 in
653 2256 765 2326 hymno
775 2255 873 2313 Lucis
899 2256 1037 2327 turritos·
1056 2255 1231 2326 splendido,
1255 2254 1312 2312 ubi

253 2354 297 2412 sic
307 2355 356 2412 nit
371 2371 378 2409 :

343 2506 385 2556 Tu
396 2518 481 2556 verns
491 2505 714 2566 mnndilnoiler,
826 2504 880 2557 Sed
896 2507 952 2557 toto
966 2504 1027 2558 sole
1042 2503 1153 2563 clarior,

342 2593 452 2653 Nonis,
465 2595 514 2659 qni
530 2596 609 2660 perri
622 2594 726 2646 sideris
826 2595 889 2645 Lux
902 2593 965 2658 ipse
982 2596 1058 2644 totns
1072 2594 1100 2644 et
1113 2592 1186 2653 dies,

341 2684 466 2732 Ventura
477 2681 552 2733 lucis
560 2684 698 2734 nuntians
823 2681 1042 2733 Internonostri
1056 2680 1181 2745 pectoris

340 2770 470 2836 Angusto
483 2770 572 2838 fulget
581 2771 701 2831 lumine,
828 2770 999 2822 illuminans
1014 2770 1187 2835 praecordio.

286 2965 344 3022 Sed
357 2965 438 3022 idem
451 2967 627 3024 Ambrosius
643 2967 797 3026 Christum
810 2969 961 3023 Auroram
977 2980 1100 3038 quoque
1117 2968 1208 3022 vocat
1222 2980 1229 3020 :

579 3145 690 3194 Aurora
703 3156 804 3194 cursus
815 3145 953 3209 provehit,

575 3235 808 3282 nucero-totu·
819 3231 961 3295 provehet,

580 3321 613 3369 ln
628 3321 707 3383 patre
723 3321 798 3369 totus
812 3315 891 3369 filius

582 3402 616 3453 Et
629 3407 705 3456 totus
715 3404 744 3455 in
757 3403 841 3457 verbo
857 3406 944 3469 peter.

282 3594 437 3651 Christum
451 3595 557 3664 solem,
569 3595 926 3665 solemjustitieedicere‚
938 3595 1163 3652 communisset
1171 3594 1315 3666 apudpn-

246 3693 310 3747 tres
320 3691 549 3763 scriptoresque
558 3693 781 3750 ecclesiasticos
794 3692 940 3764 loquendi
952 3693 1061 3749 modus
1074 3695 1104 3748 ei
1115 3691 1316 3763 sequentius

246 3785 326 3857 apud
334 3787 541 3855 Augustinum
555 3789 702 3846 occurrit.
717 3789 874 3845 peculiare
892 3791 940 3845 est
953 3788 1123 3846 Abaelardo
1150 3787 1189 3844 ad
1210 3786 1314 3843 chris-

244 3885 310 3940 tum
318 3881 458 3966 judicem
466 3886 548 3942 hunc
561 3887 686 3944 titulum
700 3888 862 3958 applicare.
875 3888 931 3944 Cui
943 3891 1049 3944 auctor
1059 3891 1125 3944 erat
1156 3886 1314 3957 apostolus

245 3979 283 4036 ad
295 3981 469 4040 Corinthios
487 3984 641 4041 scribens:
663 3988 778 4056 Itaque
791 3984 890 4043 notite
904 3989 979 4042 cute
994 3989 1117 4054 tompus
1135 3982 1306 4052 judicare,

246 4078 454 4149 quoadusque
467 4078 576 4136 veniat
597 4080 766 4152 Dominus,
789 4081 845 4152 qui
868 4084 896 4137 et
910 4079 1110 4138 illuminabit
1121 4077 1315 4137 abscondita

246 4176 453 4231 tenebrarum
474 4181 503 4232 ct
519 4177 740 4246 manifestabit
754 4178 892 4236 consiliu
913 4178 1073 4248 cordium,
1088 4182 1117 4234 et
1139 4181 1219 4232 tuuc
1241 4179 1314 4232 tuus

246 4269 609 4344 erituuicuiqueuDeo.
624 4277 639 4332 1
655 4279 730 4348 (lor,
754 4277 782 4336 4.
797 4278 824 4334 5.
838 4307 873 4316 -
887 4277 914 4347 3,
940 4278 954 4334 1
972 4292 1017 4348 sq.
1053 4275 1172 4333 Alludit
1201 4273 1239 4331 ad
1260 4276 1312 4329 Pe.
