2992 5048
708 436 850 490 „48-

741 672 819 740 XVI

646 841 708 908 Dur
735 861 909 910 ‘nourrucm

668 979 713 1030 Ad
729 982 878 1044 vesperas.

276 1227 283 1244 .
339 1175 488 1246 Octavae
502 1175 643 1245 titulos*
661 1175 697 1243 iu
717 1174 860 1264 psalmis
878 1174 1026 1264 legimus

341 1294 492 1361 Futurae
511 1291 660 1380 gloriam
679 1294 695 1331 *
717 1292 810 1360 vitae
828 1289 1046 1374 canentibus,

340 1408 428 1477 Cum
440 1407 499 1476 lux
519 1407 697 1476 subierit*
716 1427 841 1497 perpes
855 1406 1009 1475 fidelium

341 1523 444 1592 lstius
461 1521 626 1610 temporis
642 1523 750 1611 *post
766 1523 1015 1611 septenarium.

277 1766 286 1783 .
344 1715 441 1782 Hanc
457 1713 581 1801 jamin
604 1713 715 1802 capite
733 1715 750 1752 *
769 1713 974 1804 completam
994 1713 1166 1797 novimus

341 1830 429 1897 Cum
448 1825 709 1896 resurrexerit*
728 1827 792 1896 hac
806 1828 862 1897 die
877 1827 1056 1913 Dominus,

341 1944 386 2011 Ut
404 1943 454 2010 sic
472 1942 699 2010 certissimam
717 1943 840 2030 *spem
860 1941 1026 2010 membris
1045 1939 1195 2030 propriis

341 2056 506 2147 EJ'usdem
517 2056 649 2125 tribuat
665 2055 930 2127 *beatitudinis

284 2301 293 2316 .
353 2249 440 2319 Hinc
456 2271 477 2318 a
496 2249 740 2319 Christicolis*
759 2249 842 2318 haec
862 2250 936 2317 dies
955 2249 1077 2318 merito

343 2362 432 2432 Prae
444 2363 578 2432 cunctis
597 2363 752 2432 colitur*
771 2362 885 2431 hocin
900 2363 1076 2451 mysterio,

342 2478 504 2547 Aeternis
517 2477 657 2558 etenim,
678 2481 694 2517 *
713 2497 781 2545 non
796 2475 1046 2564 temporalibus

344 2591 388 2658 Hi
406 2589 507 2659 bouis
525 2589 672 2676 inhiant,
693 2594 709 2632 *
727 2609 875 2679 quorum
894 2608 970 2658 sors
985 2589 1164 2656 Dominus.

280 2835 288 2851 .
347 2782 442 2852 Neue
456 2789 527 2852 tam
546 2784 693 2852 arduam
710 2782 833 2851 *viam
855 2783 1053 2852 tenentibus

345 2900 397 2967 Ex
414 2898 606 2968 diffidentia
624 2900 807 2988 *tepescat
826 2898 983 2983 animus„

346 3015 418 3082 Hac
431 3013 505 3102 ipsa
528 3013 694 3083 Dominus
709 3013 792 3080 *die
811 3012 1018 3101 paraclitum

346 3126 439 3196 Misit
453 3126 633 3216 discipulis
652 3133 669 3169 *
687 3129 722 3195 in
737 3147 833 3195 aram
853 3125 1027 3216 spiritum.

280 3371 289 3388 .
345 3321 400 3390 ttd
415 3322 518 3410 hujus
539 3322 656 3392 add-ito
669 3325 686 3361 *
699 3321 766 3390 diei
785 3321 944 3412 gloriam,

346 3435 419 3512 Quo
437 3442 532 3505 recto
551 3437 700 3506 uideas*
718 3436 783 3504 dici
802 3433 1020 3516 dominicam,

346 3549 444 3628 Quod
462 3550 688 3641 corporaliter
705 3551 798 3618 *hoc
816 3551 891 3618 luce
911 3548 1076 3616 Dominus

346 3665 391 3734 Ut
406 3684 468 3733 rex
486 3673 667 3755 susceptus
685 3672 767 3735 est*
780 3672 816 3734 et
835 3663 958 3731 haeres
976 3663 1108 3751 regius.

280 3909 288 3926 .
343 3860 527 3949 Ingressus
546 3860 723 3951 proprium
741 3858 896 3928 *dehinc
913 3856 1082 3948 palatium

341 3971 497 4043 Potentis
516 3974 685 4045 exhibet*
702 3976 795 4066 regis
811 3972 1007 4063 imperium,

342 4088 475 4158 Pravos
494 4090 637 4178 ejiciens
655 4066 806 4161 *caecos
820 4089 995 4158 illuminat

343 4203 387 4273 Et
401 4203 542 4273 domum
562 4205 789 4276 Domini*sic
808 4203 1020 4274 reconciliat.
