2992 5048
678 437 821 493 ..50-

707 671 797 740 XVII

610 838 655 890 Ad
670 835 898 903 Comptetoriom.

223 1040 255 1107 t.
317 1036 538 1126 Ubique‘tuis
559 1037 649 1104 nos*
668 1043 701 1104 et
725 1056 859 1124 semper
883 1035 1044 1105 laudibus

315 1155 460 1235 Vocare,
483 1151 669 1236 Domina*
688 1150 816 1219 debere
835 1151 1006 1232 novimus

312 1269 377 1345 Qui
391 1268 465 1337 loca
481 1267 663 1335 fabricas*
680 1268 780 1336 nobis
799 1276 835 1336 et
853 1275 1019 1356 tempora,

313 1382 453 1451 Noctem
474 1380 517 1450 ad
538 1383 707 1471 requiem,
723 1388 740 1425 *
758 1382 848 1450 diem
865 1382 908 1449 ad
923 1402 1040 1472 opera.

227 1575 259 1641 9.
322 1575 361 1642 ut
381 1593 459 1641 oum
480 1591 547 1638 non
568 1571 657 1638 terat
672 1570 759 1640 boe*
777 1576 894 1638 nostra
909 1570 1091 1659 fragilitas,

311 1688 422 1756 Horas
443 1685 604 1770 instituit,
622 1684 639 1719 *
658 1685 732 1754 fixit
749 1686 899 1774 vigilias,

314 1805 359 1871 Ut
372 1803 445 1892 ipsa
465 1801 538 1869 ioca
558 1802 651 1869 nos*
669 1800 712 1868 ad
731 1800 817 1869 haee
834 1800 1054 1886 admoneant,

314 1916 465 1983 Invitent
479 1916 662 2002 tempora*
681 1921 714 1981 et
731 1935 855 2002 segnes
874 1923 1035 2004 arguant.

222 2107 256 2173 3.
320 2102 412 2170 Hora
429 2105 501 2187 jam
515 2100 696 2189 requiem*
719 2101 787 2170 diei
806 2101 951 2189 septima

318 2216 496 2305 Compteta
514 2216 688 2303 poscimus
701 2218 716 2253 *
729 2215 867 2284 laudum
890 2214 1116 2301 hebdomada,

320 2333 371 2399 Tu
392 2338 523 2415 nostru,
544 2329 728 2414 Dareine*
746 2329 890 2398 benedic
906 2329 1069 2415 Sabbata,

316 2448 409 2524 Quos
428 2453 486 2514 tuo
507 2450 674 2532 reparet*
696 2447 794 2532 quies
814 2444 990 2531 obsequio.

225 2643 258 2709 t.
318 2642 416 2709 Hanc
432 2647 491 2708 tua
512 2637 654 2706 dextera
671 2641 687 2677 ’¹‘
707 2639 846 2706 domum
862 2638 1052 2708 sanctificet

318 2759 361 2826 Et
381 2757 674 2824 immanissrmum
694 2757 710 2792 *
729 2756 861 2824 leonem
881 2758 1015 2847 religet,

317 2875 447 2943 Somno
459 2870 632 2960 pacifico*
650 2872 839 2952 siccamus
858 2892 989 2954 recrea,

319 2990 419 3058 Utin
441 2995 473 3056 te
492 2985 643 3073 vigilet*
667 3007 763 3054 mens
782 3007 920 3076 semper
934 2988 1062 3057 sobria.

230 3188 263 3253 o.
323 3184 474 3253 Perenni
494 3182 665 3251 Domino*
683 3202 805 3271 perpes
825 3182 869 3250 sit
887 3181 1009 3272 gioria,

311 3301 363 3368 Ex
377 3306 548 3388 quosunt,
566 3317 739 3388 perquem
752 3297 915 3377 suot,*in
931 3301 1214 3386 quosuntomnia
1230 3321 1238 3371 τ

310 3417 362 3483 Ex
379 3434 448 3503 quo
467 3422 561 3510 sunt,
583 3421 684 3502 pater
702 3420 766 3495 est,
787 3413 881 3500 *per
900 3434 1003 3501 quem
1023 3422 1116 3499 sunt,
1137 3415 1239 3501 filine,

308 3530 345 3596 In
366 3547 434 3618 quo
447 3535 540 3612 sunt,
562 3524 671 3614 patris
686 3524 742 3594 et*
761 3525 821 3592 filii
838 3526 993 3616 spiritus.
