2992 5048
611 745 732 826 PARS
770 746 962 827 ALTERA

658 905 775 968 Hymni
786 904 913 956 ulmal.

775 1078 807 1145 X

657 1215 720 1283 Dm
750 1234 925 1286 namurci.

692 1355 737 1407 Ad
762 1355 887 1409 Laudes.

261 1498 293 1565 l.
347 1497 498 1567 Advenil
516 1497 659 1581 veritas,
675 1497 832 1566 *umbra
851 1496 1042 1587 praeteriit,

350 1613 430 1692 Post
445 1621 580 1680 noctem
594 1612 736 1681 claritas
753 1610 770 1646 *
787 1613 856 1680 diei
873 1610 994 1694 subiit,

347 1727 401 1796 Ad
420 1735 537 1795 orlum
555 1726 699 1794 rulilant
717 1725 733 1761 *
752 1726 893 1815 superni
908 1724 1053 1795 luminis

357 1842 460 1932 Legis
474 1838 653 1931 mysteria,
674 1844 690 1880 *
709 1841 811 1930 plena
825 1841 995 1929 caliginis.

270 1983 306 2049 ἱ).
362 1982 578 2050 Nocturnum
593 1980 719 2070 Moysis
737 1980 753 2017 *
771 1981 870 2050 cedat
886 1980 1123 2069 praeconium,

360 2097 528 2165 Diurnum
544 2097 703 2187 congruit
716 2103 732 2138 *
745 2096 812 2163 diei
831 2096 1016 2181 caulicum,

357 2214 443 2282 Cum
462 2213 596 2282 Christo
615 2212 821 2301 prodeunt*
843 2220 947 2280 ounla
972 2212 1014 2280 de
1032 2212 1191 2282 latebris.

352 2327 423 2396 Neo
441 2327 553 2396 loounr
572 2325 735 2395 deserit*
753 2327 812 2395 lux
832 2332 928 2395 lanla
947 2328 1115 2397 tenebris.

289 2518 296 2534 .
352 2466 516 2535 Velamen
541 2476 671 2537 exuunt
688 2466 705 2503 *
722 2467 856 2556 figurae
875 2469 1052 2559 mysticae,

351 2581 412 2650 Est
426 2582 462 2649 in
481 2601 520 2650 ro
538 2584 667 2652 verilas
681 2582 698 2618 *
714 2585 786 2669 jam
808 2604 876 2652 non
895 2584 929 2651 in
951 2583 1140 2670 schemate,

352 2693 523 2764 Promissa
542 2697 671 2787 liquido
685 2700 701 2735 *
715 2700 893 2787 complens
906 2699 1110 2789 prophetica

353 2811 432 2879 Jola
455 2810 510 2878 vel
530 2811 662 2900 apicem
680 2808 697 2844 *
715 2831 783 2880 non
800 2812 883 2881 sinit
901 2813 1014 2881 irrita.

291 3001 299 3019 .
356 2951 540 3020 Transaeto
560 2950 666 3020 llebili
685 2950 701 2986 *
720 2953 763 3020 de
782 2961 893 3022 morte
911 2973 1056 3042 vespere

280 3122 281 3126 η
355 3066 442 3135 Cum
460 3066 531 3133 vila
550 3065 741 3135 redditur*
759 3087 860 3134 mane
874 3067 1037 3142 laetitiae,

356 3182 519 3282 Resurgil
533 3182 713 3266 Dominus,
728 3179 744 3215 *
763 3191 929 3269 apparent
950 3182 1076 3268 angeli,

354 3295 523 3364 Custodes
541 3295 679 3384 lugiunt
695 3296 712 3331 *
729 3295 911 3383 splendore
930 3297 1056 3365 territi.

290 3490 298 3506 .
354 3440 562 3509 Sanctorum
580 3438 730 3526 plurimi,
751 3439 845 3527 *wqui
859 3438 933 3526 jam
949 3437 1176 3520 dormierant,

355 3553 540 3643 Surgenlis
550 3553 697 3643 gloriam
710 3552 726 3588 *
739 3554 912 3644 surgendo
925 3554 1144 3643 praedicant,

351 3669 390 3735 ln
404 3669 671 3737 testimonium*
688 3669 865 3758 surgentis
880 3669 1016 3737 Domini

351 3781 596 3851 Conscendunt
614 3784 754 3870 mortui,
777 3783 1028 3852 *descendunt
1048 3782 1176 3872 angeli.

264 3924 296 3991 a.
354 3923 504 3993 Perenni
523 3924 668 3995 Domino
687 3926 847 4016 *perpes
866 3924 911 3994 sil
929 3924 1051 4015 gloria,

351 4039 401 4140 Ea
419 4039 488 4128 quo
505 4046 668 4130 suul,per
685 4048 912 4131 quemsunl,*
926 4041 961 4108 in
977 4059 1043 4129 quo
1061 4044 1157 4117 sunl,
1179 4036 1292 4104 omnia

351 4154 403 4220 Ex
417 4175 485 4244 quo
505 4163 598 4238 sunl,
619 4165 719 4246 paler
737 4165 801 4237 est,
821 4160 916 4246 *per
937 4177 1041 4246 quem
1059 4162 1154 4240 sunl,
1174 4152 1281 4236 lilius,

354 4272 392 4338 In
411 4289 480 4360 quo
495 4279 588 4358 sunt,
611 4274 720 4363 patris
736 4270 804 4342 et*
823 4272 884 4341 filii
904 4271 1060 4363 spiritus.
