2992 5048
732 443 891 500 -108-

753 673 878 770 xtrrt

685 841 748 892 1n2
770 842 925 893 Nocturna.

275 1042 307 1109 1.
364 1041 532 1108 Mercator
547 1040 714 1126 omniurn,
734 1039 751 1075 *
769 1042 790 1110 J
795 1038 874 1121 uda,
891 1039 1110 1123 stultissime,

365 1154 451 1223 Cum
465 1156 587 1224 mortis
599 1155 726 1244 emptio
744 1154 761 1190 *
780 1157 827 1225 sit
840 1136 956 1223 vitam¹
972 1154 1134 1238 vendere,

266 1359 268 1364 Ι
367 1267 419 1337 Ne
437 1271 520 1359 quid
534 1271 706 1360 susceptio
723 1271 740 1307 *
758 1269 870 1359 prosit
881 1270 1059 1358 pecuniae,

368 1384 624 1470 Quemvendis,
640 1385 823 1477 praevenis
839 1387 856 1423 *
875 1387 995 1454 mortis
1007 1384 1043 1451 in
1056 1384 1192 1454 funere.

309 1679 315 1694 .
371 1628 417 1697 Ut
434 1624 600 1715 patientia
617 1624 634 1660 *
652 1625 819 1714 probetur
836 1624 968 1711 traditi,

368 1744 536 1812 Monstrat
550 1741 643 1811 huno
656 1741 802 1810 traditor
818 1738 835 1774 *¹
852 1761 914 1832 per
933 1742 1074 1830 signum
1094 1735 1216 1822 osculi,

368 1857 493 1947 Pioqua
510 1854 648 1946 impie*
668 1856 837 1945 permixta
856 1854 988 1924 nomini

367 1970 439 2038 Nec
456 1970 617 2040 salutatio
634 1968 651 2004 *¹
670 1970 778 2041 defuit
791 1970 944 2039 crimini.

283 2249 290 2270 .
309 2256 316 2271 .
375 2205 513 2291 Tantus¹
524 2206 652 2297 ligatus
671 2215 723 2276 est
740 2205 757 2242 *
775 2208 921 2276 aservis
937 2207 1116 2291 Dominus

372 2322 419 2390 Ut
432 2341 552 2390 servos
566 2322 716 2390 solveret
734 2320 751 2357 *
770 2322 903 2411 peccati
913 2307 1075 2406 sexibus,

372 2436 418 2506 Ut
437 2456 519 2505 reus
532 2436 681 2507 traditus
698 2437 715 2473 *
734 2439 804 2508 reis
819 2437 996 2524 iudicibus

374 2552 565 2641 Supremas
580 2551 733 2620 omnium
752 2550 888 2641 *judex
906 2551 1140 2640 justissimus,

310 2843 320 2862 .
376 2797 428 2864 Tu
443 2796 506 2865 tibi
520 2801 668 2888 compati
685 2803 703 2839 *
720 2798 770 2867 sic
784 2797 837 2866 sac
856 2819 930 2885 nos,
952 2796 1106 2879 Domine,

374 2912 467 2981 Tuae
485 2914 671 3002 participes
687 2919 704 2955 *
723 2919 761 2983 ut
776 2914 885 2983 simus
903 2913 1044 3003 gloriae,

375 3025 432 3095 Sic
450 3047 616 3117 praesens
635 3029 821 3098 triduum*
839 3029 875 3096 in
888 3027 983 3097 luctu
1001 3026 1140 3108 ducere,

376 3141 420 3208 Ut
439 3142 552 3211 risum
573 3143 739 3214 tribuas*
757 3141 929 3233 paschaiis
948 3140 1096 3232 gratiae.
