2992 5048
719 443 755 456 -
771 414 880 473 246„-

751 655 858 723 CXXI

673 820 706 869 In
731 819 747 868 2
770 819 927 871 Nocturno.

279 1016 307 1110 λ.
362 1041 451 1110 Cum
466 1040 502 1108 in
517 1040 646 1110 sanctis
667 1043 683 1081 *
703 1040 793 1110 Deus
807 1041 853 1110 sit
873 1039 1055 1125 mirabili5‚

363 1155 559 1225 Praeminet
583 1155 619 1223 in
636 1158 653 1194 *
670 1163 865 1246 martyrum
878 1153 1047 1240 victoriiS,

362 1269 432 1340 Sed
451 1289 530 1338 cum
544 1269 603 1338 dat
621 1273 679 1356 [et]
695 1268 863 1338 *feminis
881 1268 1064 1338 victoriam

364 1385 447 1464 Quis
466 1406 534 1454 non
547 1383 680 1454 cunctis
696 1388 713 1424 *
727 1385 900 1475 praeferat
919 1383 1034 1469 [hanc]
1047 1382 1217 1474 gratiam,

451 1503 495 1570 Ut
514 1499 609 1591 [quo]
623 1520 725 1570 sexus
742 1502 759 1538 *
777 1509 829 1570 est
848 1501 1020 1591 fragilior,

452 1616 525 1684 Hoc
542 1615 588 1684 sit
596 1615 739 1684 virtus*
756 1615 960 1684 mirabilior.

281 1851 313 1904 ⁵.
366 1835 545 1926 Exquisita
561 1841 578 1878 *
596 1842 847 1906 tormentorum
859 1857 989 1927 genera

364 1950 587 2020 Feminarum
603 1953 620 1991 *
636 1951 995 2042 superateonstantia,

366 2066 437 2137 Aut
454 2067 629 2137 istarum*
643 2067 753 2136 virtus
772 2073 825 2136 est
844 2066 1028 2154 mirabiliS,

365 2182 436 2251 Aut
454 2183 637 2273 agonum*
655 2182 780 2253 horum
800 2202 910 2273 poena
922 2181 1052 2270 facilis3

454 2298 523 2368 Sed
541 2300 761 2388 utrumque*
783 2298 858 2387 geri
871 2297 996 2367 melius

457 2413 665 2503 Disponente
680 2410 696 2448 *
713 2414 782 2483 Deo
797 2412 986 2482 credimus.

304 2681 313 2699 .
367 2629 489 2700 Valida
507 2633 588 2700 est*
605 2631 696 2699 sicut
709 2650 803 2699 mors
822 2632 959 2700 dilectio

367 2744 439 2815 Nec
457 2744 557 2814 istius
574 2749 591 2786 *
608 2745 701 2834 ignis
720 2753 772 2815 est
789 2746 980 2832 instinctiO,

366 2862 487 2951 Aquae
500 2860 655 2929 multae*
670 2880 738 2929 non
757 2868 902 2949 possunt
920 2861 1140 2950 exstinguere

367 2976 528 3046 Caritatis
548 2974 758 3043 *flammam
800 2975 1068 3058 invictissimae,

455 3088 526 3157 Nec
544 3095 597 3156 est
616 3090 802 3177 unquam*
819 3109 899 3158 cum
914 3089 978 3158 hac
994 3088 1121 3158 debilis

455 3205 564 3274 Sexus
582 3201 783 3293 quantum*
803 3223 952 3294 cumque
967 3202 1113 3293 fragilis.

302 3478 311 3497 .
367 3424 456 3506 Quid
474 3419 638 3493 barbati*
657 3422 783 3492 dicturi
796 3430 878 3492 sunt
889 3423 1051 3511 juvence,

365 3524 535 3609 Delicatae
552 3535 568 3573 *
585 3557 665 3606 cum
683 3537 767 3607 haee
786 3537 899 3606 ferent
917 3536 1109 3628 virgines?

364 3654 556 3723 Erubescat
576 3658 593 3694 *
610 3652 653 3721 ad
672 3653 756 3722 haee
770 3672 874 3722 sexus
890 3654 1023 3739 fortior,

365 3768 432 3841 Ubi
464 3766 593 3838 tanta*
615 3768 764 3838 sustinet
781 3768 964 3838 infirmior.

338 3959 339 3963 Ἰ
453 3885 522 3974 Ipsi
536 3883 653 3968 decue,
669 3884 764 3973 *ipsi
780 3884 892 3974 gloria

455 3999 520 4079 Qui
541 4006 589 4068 ιοι
600 4000 680 4068 fecit
698 3997 913 4069 *mirabilia.
