2992 5048
669 870 829 954 NOTAE

526 1187 573 1233 Ah
587 1186 756 1235 tinnulum
799 1183 960 1232 TERTIUM.

253 1532 444 1592 1111111110.
460 1537 492 1602 n,
506 1533 562 1591 rol.
576 1535 610 1591 01
626 1533 657 1590 1.
684 1564 720 1575 -
738 1516 932 1591 adnotandi:
951 1535 1085 1606 111101.
1102 1535 1189 1602 10‚7.
1208 1535 1285 1609 -11

216 1627 367 1698 dccliii,
382 1630 409 1685 1.
424 1661 461 1671 -
474 1630 504 1700 3)
518 1631 644 1703 populis
655 1634 687 1687 Β.
701 1661 737 1672 -
749 1631 777 1701 1)
792 1631 885 1688 Exod.
902 1633 947 1701 17,
963 1633 1007 1688 11.
1022 1662 1058 1675 -
1084 1631 1113 1702 5)
1138 1634 1202 1690 1101
1216 1634 1284 1691 1000

216 1723 347 1781 verbum
359 1726 446 1784 deest
454 1745 463 1795 ;
472 1727 590 1784 virtute
602 1727 759 1799 supplevit
769 1727 892 1798 cousin,
901 1729 1065 1797 parvitate
1079 1733 1285 1805 supplendum

216 1825 305 1892 putat
332 1824 425 1881 Pitra.
445 1855 482 1867 -
505 1829 549 1883 De
574 1825 682 1883 ordine
707 1825 812 1896 paucis
837 1838 987 1896 moneam,
1002 1842 1093 1899 quem
1119 1832 1153 1888 111
1180 1830 1283 1888 distri-

217 1919 349 1980 buendis
363 1924 456 1995 huius
470 1925 568 1983 libelli
581 1925 703 1996 hymnis
724 1923 856 1982 servavi.
870 1924 949 1982 Ordo
965 1927 1082 1985 Codicis
1107 1931 1285 1987 Bruxellen-

218 2019 272 2088 sis,
289 2020 315 2076 si
331 2022 401 2092 quis
417 2025 474 2091 est,
485 2023 529 2079 ita
543 2037 613 2080 cum
639 2021 812 2080 communi
830 2024 1037 2093 Sanctorum,
1062 2025 1144 2097 quod
1161 2028 1283 2096 vocant,

217 2118 399 2188 Proprium
413 2123 589 2193 permiscet,
601 2126 637 2179 ut
649 2122 715 2179 iere
724 2124 795 2194 post
813 2123 979 2180 Commune
994 2138 1047 2181 eos
1065 2124 1183 2183 inserat
1196 2125 1283 2197 hym·

217 2230 284 2287 nos,
298 2218 351 2288 qui
364 2220 547 2290 quibusdam
558 2221 650 2292 hujus
675 2221 783 2278 classis
799 2223 913 2278 sanctis
941 2224 1060 2293 proprii
1084 2227 1164 2281 sunt.
1195 2227 1283 2282 Hune

217 2317 357 2375 ordinem
369 2322 400 2376 et
412 2320 479 2390 ipse
494 2334 633 2389 servans,
650 2335 702 2377 eos
732 2319 796 2376 suis
824 2319 900 2376 locis
925 2319 1058 2390 hymnos
1081 2321 1211 2392 inserui,
1229 2323 1283 2394 qui

216 2413 319 2471 codici
329 2416 521 2473 Bruxellensi
540 2416 661 2485 desunt,
676 2415 806 2485 hymnos
822 2415 1022 2472 innocentum
1028 2419 1100 2487 post
1113 2417 1282 2475 Commune

215 2516 384 2584 martyrum
396 2515 498 2585 posui,
512 2514 657 2572 ultimum
676 2514 778 2570 locum
792 2512 913 2582 hymnis
923 2526 980 2583 pro
1004 2512 1172 2572 festivitate
1194 2528 1282 2571 sanc-

213 2619 316 2672 torum
328 2612 463 2668 omnium
479 2611 662 2683 conscriptis
677 2610 757 2668 dedi.
785 2609 974 2666 Monendum
1000 2613 1172 2681 praeterea,
1198 2611 1281 2684 quod

214 2707 402 2765 Ahaelardus
417 2723 479 2765 non
494 2709 531 2766 de
546 2709 627 2766 omni
643 2711 757 2774 sancto,
773 2722 866 2779 quem
878 2709 1013 2780 propriis
1042 2710 1166 2780 hymnis
1199 2711 1280 2768 cele·

215 2809 294 2887 hrat,
307 2809 438 2878 quatuor
447 2808 576 2878 hymnos
605 2807 807 2878 coneripsisse
832 2806 966 2876 ridetur,
982 2810 1074 2878 atque
1088 2808 1120 2865 id
1135 2822 1206 2866 cum
1227 2809 1280 2866 de·

217 2906 286 2964 aliis
297 2909 362 2962 tum
377 2905 415 2962 de
428 2904 467 2961 iis
483 2905 596 2961 sanetis
623 2903 749 2973 obtinet,
774 2917 904 2975 quorum
932 2905 1038 2975 hymni
1052 2919 1114 2962 non
1125 2906 1171 2964 ad
1185 2919 1279 2963 usum

216 3005 455 3063 paraclitensem
468 3002 610 3074 primitus
626 3002 681 3060 sed
692 3003 822 3058 aliorum
833 3001 899 3058 sive
921 3003 1122 3059 ecclesiarum
1137 3003 1205 3060 sive
1216 3017 1282 3059 mo·

216 3102 421 3162 nasteriorum
438 3100 543 3171 scripti
559 3101 717 3171 apparent,
730 3101 767 3156 ut
795 3100 868 3154 sunt
889 3099 995 3169 hymni
1018 3099 1047 3155 S·
1063 3097 1221 3169 sigulphi,
1250 3099 1280 3155 S·

216 3200 333 3269 Gildae,
350 3199 492 3266 aliorum,
504 3196 548 3252 ita
558 3198 603 3265 ut,
619 3208 698 3266 quae
715 3193 842 3251 deerant
868 3194 901 3249 in
929 3194 1069 3264 Proprie,
1099 3193 1282 3264 complenda

217 3299 323 3355 essent
336 3310 373 3352 ex
391 3293 562 3352 Communi.
620 3351 625 3360 ,

253 3393 445 3460 1111111111,
464 3391 520 3448 101.
530 3391 608 3461 92a3
626 3388 825 3460 11111111.
845 3387 1048 3444 -lectlones
1063 3385 1232 3444 variantes:
1248 3385 1275 3454 1,

216 3495 245 3548 1.
259 3493 379 3561 Natap.
399 3492 439 3556 B;
456 3502 584 3545 erronea
599 3490 673 3545 sunt
687 3487 855 3557 quaePitra
866 3485 899 3541 in
908 3485 1015 3541 notula
1025 3483 1156 3552 legenda
1167 3497 1280 3554 propo·

217 3589 272 3644 nit.
290 3615 324 3626 -
339 3587 366 3655 2,
381 3585 406 3639 1.
423 3587 482 3641 Per
492 3587 630 3654 quem,B.
641 3612 677 3625 -
687 3584 715 3650 2,
726 3585 756 3652 2,
769 3584 829 3639 Per
839 3594 940 3653 quem,
951 3584 983 3638 B.
994 3581 1068 3649 —2,
1078 3580 1106 3648 3,
1120 3578 1282 3649 supplican

218 3684 308 3754 tium,
322 3684 355 3737 Β.
371 3681 443 3750 -3,
457 3681 487 3751 1,
499 3679 630 3750 justum,
642 3683 678 3736 B.
692 3678 907 3736 -Adnotenda
922 3695 929 3733 :
947 3679 1080 3734 Metmm
1097 3676 1282 3746 hymnorum

218 3781 257 3838 de
270 3782 363 3836 Beata
374 3779 459 3836 idem
475 3780 522 3835 est
535 3792 569 3834 ac
582 3778 688 3849 hymni
698 3781 763 3835 Ave
777 3776 869 3834 maris
886 3775 985 3842 stella,
1001 3773 1044 3829 ita
1056 3776 1159 3829 tamen
1169 3774 1282 3829 utnon

216 3878 280 3935 nisi
293 3876 485 3949 penultimae
499 3879 601 3933 certus
615 3880 758 3933 accentus
772 3876 941 3931 inhaereat.
967 3870 1064 3928 Divisi
1081 3871 1163 3927 hnne
1191 3869 1282 3939 hym·

219 3990 294 4034 num
309 3975 447 4047 quicum
463 3977 613 4046 sequente
628 3989 690 4031 non
704 3975 764 4031 nisi
775 3987 857 4030 unus
882 3973 938 4029 est.
966 3967 1051 4037 Quod
1076 3970 1113 4024 ut
1130 3967 1278 4036 iacerem,

218 4078 284 4130 tum
298 4075 472 4130 ceterorum
493 4072 681 4143 hymnorum
696 4070 836 4141 analogia
857 4071 923 4127 tum
937 4067 1005 4139 ipsa
1023 4064 1118 4136 hujus
1136 4063 1282 4122 carminis

218 4169 378 4241 prolixitas
394 4169 577 4230 suadebant.
890 4180 892 4185 ’

255 4269 465 4339 txxv111.13‚
483 4267 540 4325 101.
560 4268 597 4324 92
610 4281 646 4340 1;
664 4268 696 4338 c,
710 4266 764 4324 101.
780 4267 832 4324 130
853 4278 881 4322 1.
895 4293 932 4308 -
942 4261 1097 4321 lectiones
1109 4258 1279 4320 variantes:
