2992 5048
640 426 783 482 ..gg--

187 549 227 606 da
245 549 345 604 aetate
360 545 474 603 saeculi
488 559 568 615 arca,
584 547 616 603 in
630 563 691 619 qua
704 548 856 620 reliquiae
869 547 992 618 generis
1005 548 1131 605 humani
1157 552 1188 605 et
1199 563 1249 607 se·

188 659 272 713 men,
286 647 322 700 ut
339 643 383 699 ita
405 642 542 711 dixerim,
558 644 740 703 servabatur
754 648 898 713 aetatum,
912 645 1012 717 posita
1034 645 1125 702 estin
1146 646 1246 704 medio

189 753 350 812 aquarum,
367 753 444 810 quas
458 739 598 797 certatim
611 740 682 798 hinc
700 742 785 813 rupti
799 740 899 798 fontes
914 755 1020 798 omnes
1039 741 1152 812 abyssi,
1176 743 1252 801 inde

189 841 315 908 apertae
329 836 408 893 coeli
421 838 589 894 cataractae
603 837 781 896 tundebant.
801 839 859 896 Sed
871 843 902 896 et
911 839 960 895 hic
971 839 1135 896 inclinatus
1149 843 1198 896 est
1211 840 1250 898 ad

188 944 351 1002 vesperam
378 930 453 997 dies,
468 945 538 987 cum
552 947 587 988 se
601 933 741 990 nationes
757 934 870 990 oblitae
883 933 1039 1004 proximae
1051 933 1103 989 vel
1117 934 1183 991 irae
1197 936 1250 992 vel

188 1027 418 1085 misericordiae
430 1029 482 1084 Dei
497 1029 702 1087 contulissent
715 1029 753 1087 ad
768 1030 988 1088 aedificandam
1008 1030 1170 1102 superbiae
1183 1035 1250 1088 tur-

187 1126 266 1192 rim;
285 1127 410 1196 plenam
421 1137 495 1182 vero
513 1126 631 1197 accepit
643 1141 818 1199 vesperam.
839 1127 961 1200 quando
981 1141 1050 1183 cum
1070 1127 1251 1184 confusione

189 1224 365 1293 linguarum
379 1223 504 1280 humani
519 1224 642 1291 generis
658 1228 706 1282 est
716 1225 863 1283 disscissa
883 1224 1013 1282 societas
1029 1243 1053 1279 s.

224 1324 291 1379 XX.
306 1324 338 1391 B,
353 1321 404 1378 fol.
415 1323 451 1378 85
463 1320 494 1378 b.
504 1351 541 1361 -
553 1323 749 1379 adnotanda:
766 1325 801 1380 ln
816 1325 1026 1381 Hexaemeron
1037 1322 1225 1379 abaelardus
1243 1339 1253 1378 z

192 1440 205 1473 s
227 1421 328 1477 Tertia
343 1423 441 1476 aetate
456 1420 505 1476 lex
518 1419 589 1476 data
604 1425 662 1490 est,
673 1438 753 1494 quae
766 1423 883 1479 fluxum
892 1423 1023 1479 carnalis
1034 1422 1250 1493 concupiscen-

190 1519 252 1574 tiae
268 1516 304 1573 ab
320 1516 448 1588 antiquo
466 1517 581 1588 populo
600 1518 710 1577 timore
737 1534 908 1590 poenarum
931 1522 1093 1587 coerceret,
1108 1521 1188 1576 sicut
1202 1519 1251 1576 die

191 1615 284 1672 tertia
298 1613 335 1670 ab
348 1613 545 1670 interioribus
559 1616 647 1688 aquis
660 1619 745 1673 terra
759 1621 807 1673 est
830 1620 994 1674 exonerata
1008 1621 1039 1673 et
1057 1617 1159 1673 statim
1182 1631 1253 1686 ger-

193 1712 315 1769 minans
344 1713 499 1767 terrenam
526 1712 662 1769 sobolem
683 1713 839 1770 inberbis
861 1717 892 1770 et
913 1713 1072 1771 arboribus
1096 1713 1251 1786 produxit,

194 1809 269 1881 quia
279 1808 413 1879 populus
428 1809 571 1879 antiquus
589 1813 712 1867 terrena
729 1811 832 1882 potius
853 1824 945 1882 quam
969 1810 1105 1868 coelestia
1133 1811 1254 1868 deside·

193 1915 278 1967 rans,
292 1904 446 1958 terrenam
462 1903 578 1973 accepit
592 1904 827 1975 promissionem
843 1909 874 1961 et
888 1906 1018 1962 terrenis
1033 1904 1161 1961 maxime
1174 1904 1256 1962 desi·

196 1999 293 2059 deriis
327 2000 505 2067 adhaerens,
535 2000 623 2070 quasi
647 2004 771 2058 terrena
790 2003 945 2071 generatio
961 2002 1020 2059 mit
1039 2006 1130 2073 atque
1155 2004 1257 2059 terrae

195 2099 282 2154 totus
296 2095 432 2152 innitens
447 2096 523 2151 etin
537 2096 669 2154 terrenis
682 2098 779 2154 vitam
794 2112 881 2155 suam
894 2099 1083 2155 constituens
1101 2119 1127 2152 n.
1145 2098 1260 2155 Simili-

198 2200 248 2251 ter
275 2192 357 2250 Beda
375 2194 409 2249 in
429 2207 522 2263 opere
546 2194 754 2265 homonyme:
775 2213 788 2248 c
805 2196 906 2252 Tertio
921 2194 970 2251 die
984 2195 1208 2251 confluentibus
1221 2196 1257 2251 in

199 2291 269 2346 loca
283 2302 340 2346 sua
354 2288 453 2360 aquis,
470 2288 554 2345 arida
569 2289 710 2359 apparuit
720 2291 804 2345 terra
817 2292 848 2344 et
860 2303 930 2345 mox
952 2289 1054 2345 herbis
1083 2288 1259 2362 virentibus

198 2402 235 2444 ac
249 2384 465 2443 frondentibus
479 2388 527 2440 est
538 2384 653 2441 vestita
666 2385 842 2442 nemoribus
856 2403 867 2453 ;
880 2388 911 2442 et
924 2386 1032 2442 aetatis
1043 2386 1130 2442 initio
1143 2387 1256 2444 tertiae

200 2481 351 2554 separatis
361 2481 394 2537 in
408 2482 476 2538 loca
490 2495 547 2539 sua
560 2482 702 2551 gentibus
716 2481 867 2552 idolatris,
891 2495 1021 2551 quarum
1048 2496 1134 2538 error
1157 2482 1254 2540 insta-

197 2581 270 2637 bilis
285 2581 317 2635 et
331 2579 420 2634 vanis
436 2579 670 2636 simulacrorum
689 2578 837 2635 doctrinis
850 2582 1006 2650 tamquam
1030 2578 1132 2636 ventis
1160 2581 1259 2636 omni·

197 2679 257 2736 bus
272 2677 404 2744 mobilis,
426 2678 519 2734 maris
532 2676 656 2732 nomine
669 2676 748 2732 bene
765 2675 966 2746 significatur,
994 2689 1099 2732 semen
1127 2676 1261 2748 patriar-

199 2775 327 2831 charum
339 2772 376 2829 ab
391 2787 496 2830 earum
524 2774 668 2830 societate
695 2772 880 2843 diremptum
908 2776 955 2829 est
969 2787 1004 2828 ac
1018 2773 1148 2844 spiritali
1167 2771 1258 2843 fruge

198 2869 447 2927 secundatum...
463 2872 577 2927 Verum
591 2870 640 2927 bic
656 2884 779 2941 quoque
791 2869 829 2926 ad
840 2883 1002 2941 vesperam
1014 2883 1143 2938 vergere
1158 2871 1260 2941 coepit

201 2967 279 3033 dics,
307 2979 378 3023 cum
406 2966 512 3022 eadem
536 2981 611 3035 gens
627 2966 795 3022 israelitica
811 2969 841 3021 et
853 2966 946 3022 fidem
969 2966 1212 3037 patriarcharum
1227 2971 1259 3023 et

202 3062 393 3120 ceremonias
407 3063 496 3120 datae
511 3063 568 3120 sibi
584 3063 661 3132 legis
686 3062 843 3132 abjiciens,
873 3065 1046 3119 exterarum
1074 3063 1211 3131 gentium
1231 3067 1261 3120 et

200 3161 321 3231 polluta
351 3159 519 3217 sceleribus
533 3162 565 3215 et
578 3159 703 3216 servitio
729 3159 877 3230 depressa
904 3161 961 3215 est.
991 3159 1173 3230 Supervenit
1195 3158 1261 3230 iam

201 3270 343 3328 vespera,
359 3256 481 3328 quando
494 3257 562 3328 ipsa
576 3270 650 3327 gens
665 3270 729 3314 una
738 3269 808 3313 cum
817 3269 901 3325 rege,
919 3268 1011 3327 quem
1038 3255 1096 3313 sibi
1120 3257 1262 3326 neglecto

197 3355 260 3410 Deo
288 3354 435 3423 elegerat,
466 3352 726 3423 alienigenearum
752 3355 800 3408 est
827 3351 928 3421 gladio
956 3351 1085 3407 maxima
1112 3365 1149 3407 ex
1175 3355 1263 3423 parte

197 3450 299 3507 deleta
312 3468 337 3504 s.

232 3546 311 3604 lixi.
328 3549 361 3614 Β,
377 3547 420 3604 tol
439 3548 485 3603 85.
498 3547 571 3604 b.—
586 3550 612 3615 1,
630 3546 644 3602 l
664 3562 708 3619 sq.
725 3544 861 3604 celebris
874 3547 922 3601 est
935 3545 1016 3616 apud
1030 3545 1188 3615 theologos
1203 3545 1267 3602 dis-

197 3641 308 3700 tinctio
320 3643 441 3700 timoris
452 3642 555 3701 filialis
574 3647 666 3716 atque
693 3643 818 3700 servilis
835 3659 843 3709 ;
859 3645 951 3713 atque
964 3642 1046 3698 hunc
1059 3642 1172 3713 ipsum,
1187 3656 1264 3699 voce

195 3743 320 3798 utentes
341 3744 390 3797 sat
411 3741 542 3799 barbara
556 3741 589 3798 in
603 3760 616 3795 a
633 3741 814 3813 simpliciter
841 3739 985 3796 servilem
1001 3761 1016 3791 »
1033 3741 1091 3797 et«
1108 3739 1268 3797 serviliter

195 3837 347 3895 servilem
363 3854 376 3891 s
392 3838 578 3908 dividebant,
599 3853 730 3911 quorum
744 3839 848 3895 alter«
865 3837 1010 3894 affectum
1024 3837 1062 3895 ad
1074 3839 1262 3908 peccatum,

193 3935 294 4003 tollit,
307 3935 386 3990 alter
395 3936 555 4004 relinquit.
571 3939 668 4004 nsque
683 3937 733 3990 uti
744 3935 824 3989 nibil
836 3934 903 3988 iere
916 3933 952 3988 in
967 3934 1148 3998 theologicis
1173 3934 1263 3989 disci·

201 4030 299 4103 plinis
313 4030 457 4087 invenire
471 4032 527 4099 est,
545 4029 627 4101 quod
638 4043 699 4086 non
713 4028 795 4084 inter
807 4025 925 4097 primos
947 4024 1138 4093 Augustinus
1153 4022 1271 4094 excogi-

202 4128 326 4195 taverit,
353 4127 528 4185 distinxerit
551 4127 724 4199 ceterisque
752 4124 889 4183 divinius
919 4120 1115 4194 expresserit,
1130 4121 1173 4178 ita
1184 4122 1215 4176 et
1228 4119 1266 4177 de

201 4225 320 4297 duplici
348 4225 409 4282 isto
437 4225 557 4294 timore,
586 4225 695 4283 servili
719 4225 752 4280 et
778 4220 879 4292 filiali,
895 4233 952 4278 seu
974 4222 1010 4277 ut
1039 4219 1105 4291 ipse
1129 4217 1268 4290 loquitur
