2992 5048
678 438 764 494 ..67
784 466 818 475 ...

216 553 260 610 cis
273 551 365 609 addas
381 552 546 609 Diodorum
557 555 739 613 Tarsensem
754 555 945 627 (Fragmenta
960 553 991 608 in
1006 552 1157 622 Genesim,
1173 553 1277 623 lligne

214 652 273 707 PP.
288 649 346 706 GG.
362 649 407 718 33,
419 663 450 719 p.
465 649 534 706 1303
546 652 591 720 c),
610 665 627 706 e
640 651 757 708 Latinis
774 664 849 707 vero
871 649 1084 719 augustinum,
1098 650 1151 721 qui
1165 651 1186 707 1.
1198 651 1225 707 1.
1238 650 1277 708 de

216 745 328 803 Genesi
344 745 381 802 ad
395 745 515 802 literam
536 762 562 803 c.
580 749 608 804 8.
621 748 769 806 Basilium
783 747 947 818 exscripsit
960 749 991 803 et
1005 745 1208 816 Ambrosium,
1223 749 1278 820 qui

216 840 458 899 llexaemeronl.
477 842 502 897 1.
529 856 554 924 c.
584 844 602 898 8
629 859 636 897 :
661 844 798 915 Denique
824 845 930 912 Syrus,
950 841 1058 912 inquit,
1078 842 1131 912 qui
1156 843 1276 900 vicinus

216 938 355 996 Hebraeo
382 940 430 993 est
448 940 480 993 et
492 952 633 995 sermone
645 943 795 996 consonat
807 940 840 996 in
851 939 1009 1010 plerisque
1022 941 1052 995 et
1065 939 1214 1010 congruit,
1233 939 1278 996 sic

214 1033 307 1091 habet
322 1049 329 1087 :
342 1035 381 1089 Et
399 1032 530 1102 spirituo
543 1033 602 1090 Dei
618 1034 745 1102 fovebat
765 1050 870 1106 equos
885 1035 917 1092 id
937 1037 985 1090 est
995 1033 1177 1105 vivificabat,
1190 1039 1226 1093 ut
1245 1036 1278 1092 in

207 1144 310 1196 ⁴novas
324 1133 446 1200 cogeret
465 1133 620 1187 creaturas
633 1135 663 1188 et
691 1132 756 1190 iotu
781 1147 837 1199 suo
856 1132 1005 1189 animaret
1029 1132 1068 1190 ad
1081 1133 1185 1190 vitam.
1210 1134 1279 1204 ipso

213 1224 400 1283 Abaelardus
412 1225 446 1281 iu
464 1226 661 1297 Expositiona
672 1226 705 1283 iu
719 1230 942 1295 Hexaemeron,
956 1228 994 1285 de
1009 1242 1101 1300 opere
1112 1227 1203 1299 primi
1219 1228 1279 1286 diei

214 1322 381 1381 nechabet
397 1339 404 1378 ε
419 1340 432 1375 ‹
448 1323 632 1381 Hebraicum
646 1325 738 1382 habet
752 1325 910 1382 volitabat
926 1340 1022 1395 super
1038 1325 1158 1395 sociem
1178 1339 1281 1398 acuar

215 1434 301 1476 rum.
315 1419 486 1476 Translatio
504 1433 580 1476 vero
595 1421 746 1492 quaedam
767 1422 860 1479 babet
870 1423 996 1491 sooeoot
1009 1437 1121 1494 equos,
1132 1423 1280 1495 quaedam

214 1517 378 1585 ferebatur
392 1529 489 1585 snper
503 1530 618 1586 equas,
635 1516 716 1574 sicut
729 1517 823 1575 babet
835 1532 993 1591 praesens,
1007 1534 1096 1591 quam
1102 1534 1177 1591 prae
1185 1519 1280 1577 mani·

215 1617 273 1672 bus
289 1613 448 1681 babemus,
463 1626 497 1667 ac
520 1611 656 1682 primurn
675 1614 762 1670 nobis
778 1615 911 1672 occurrit
925 1615 1177 1687 exponendam,
1190 1617 1217 1686 3,
1233 1630 1280 1687 sq.

216 1709 315 1766 Etiam
325 1707 411 1764 bisce
422 1707 566 1763 versibus
580 1711 749 1776 Notgerum
761 1712 900 1766 secutum
910 1709 1184 1791 esseAbaelardum
1194 1711 1283 1768 facile

218 1804 521 1876 mihipersuaserim,
534 1805 648 1876 quippe
658 1807 711 1878 qui
719 1807 861 1864 versibus
869 1822 963 1878 supra
974 1807 1103 1865 laudatis
1113 1808 1285 1866 immediata

221 1901 397 1972 subjungat.

531 2052 573 2102 Tu
592 2051 741 2102 animabus

528 2138 707 2190 vivificandis

532 2240 620 2292 aquas
632 2227 778 2279 fecundas.

243 2399 288 2454 'ln
302 2398 499 2475 Expositioue
511 2398 543 2453 in
557 2399 766 2453 llexaemeron
777 2397 798 2452 l.
811 2412 837 2453 c.
852 2397 928 2454 baec
936 2397 1144 2469 reperiuntur,
1156 2413 1236 2471 quae
1247 2401 1287 2458 ad

219 2499 350 2554 mentem
365 2495 589 2566 hymnographi
608 2495 707 2550 nostri
727 2493 924 2564 aperiendam
945 2496 1075 2551 multum
1090 2494 1283 2552 conducunt:

218 2594 327 2670 ⁴,Bene
352 2595 453 2647 autem
466 2595 578 2648 ventus
592 2590 679 2661 aquis
698 2589 854 2646 immissus
873 2593 904 2646 et
927 2604 978 2646 eas
994 2591 1149 2659 attollens,
1164 2594 1199 2647 ut
1213 2593 1284 2648 uni·

217 2703 342 2746 versum
358 2692 498 2759 tegerent
517 2688 674 2756 muudum,
700 2689 808 2757 typum
827 2689 951 2743 nostrae
979 2688 1221 2756 regenerationis
1246 2702 1283 2744 ex

219 2799 299 2856 aqua
317 2789 346 2841 et
371 2786 482 2856 spiritu
502 2785 720 2856 praesignabat.
742 2785 806 2839 Hoc
833 2784 914 2839 enim
940 2784 1126 2841 elementum
1152 2784 1283 2855 Spiritus

221 2884 348 2938 Sanctus
362 2883 472 2938 ceteris
489 2882 637 2950 dignitate
650 2879 798 2951 praefecit
817 2894 852 2936 ac
866 2879 1072 2951 superposuit,
1093 2880 1166 2936 dum
1180 2881 1237 2936 hoc
1256 2880 1285 2936 ei

222 2979 271 3036 sni
284 2979 400 3048 gratiae
412 2979 594 3035 beneficium
615 2978 756 3047 contulit,
769 2980 803 3032 nt
818 2978 1024 3047 quorumlibet
1036 2977 1194 3034 homiuum
1206 2991 1286 3049 aqua

220 3073 414 3144 baptismatis
440 3073 636 3144 perfusorum
652 3073 803 3129 universa
820 3075 944 3142 peccata
968 3073 1012 3128 sic
1023 3076 1219 3143 tergerentur
1232 3072 1284 3128 vel

220 3169 410 3238 delerentur,
423 3173 459 3225 nt
474 3184 530 3226 uec
545 3160 713 3226 satisfactio
722 3182 840 3238 poenae
855 3169 1021 3239 corporalis
1034 3172 1166 3226 restaret
1182 3189 1210 3223 ».

259 3267 348 3322 1v;·B
361 3265 414 3322 fol.
429 3265 503 3322 aab.
514 3297 551 3308 -
561 3265 742 3322 adnotanda.
754 3265 781 3334 3,
798 3266 823 3319 1.
836 3264 882 3321 Ad
892 3264 974 3320 bunc
984 3266 1013 3320 et
1028 3268 1209 3335 sequentem
1218 3278 1286 3320 ver-

224 3376 294 3419 sum
303 3363 449 3420 adnotare
461 3361 561 3433 juvat,
572 3377 651 3434 quae
659 3365 765 3419 auctor
772 3362 838 3433 ipse
848 3363 880 3417 in
890 3361 967 3418 libro
975 3361 1097 3420 laudato
1107 3363 1145 3420 de
1153 3363 1288 3419 secunda

225 3460 275 3517 dia
299 3460 458 3531 disputat:
485 3479 498 3514 c
520 3460 648 3528 Quidam
672 3459 709 3516 ad
729 3459 959 3516 inundationem
974 3459 1084 3516 diluvii
1098 3463 1283 3526 reservatas

225 3557 279 3614 alii
293 3572 369 3613 vero
384 3553 556 3616 rectius'ad
577 3559 680 3627 ignem
696 3555 849 3613 sidereum
867 3555 1100 3628 temperandum
1120 3545 1287 3629 snspensas

222 3653 344 3726 [aquas]
359 3654 522 3712 affirmant.
539 3659 650 3711 Beatus
663 3667 737 3710 vero
746 3653 934 3722 Augustinus
944 3653 1018 3709 istas
1032 3652 1192 3724 opiniones
1201 3668 1291 3725 prae-

222 3751 396 3808 termittens
409 3751 447 3808 de
463 3751 551 3823 aquis
563 3752 627 3807 illis
639 3748 860 3820 superioribus,
870 3750 975 3804 utrum
989 3747 1133 3805 videlieet
1145 3747 1289 3817 glaciales

224 3851 287 3922 sint
297 3849 350 3906 vei
361 3864 433 3918 non,
446 3851 497 3906 vel
511 3849 632 3922 quas-in
647 3863 681 3904 se
693 3846 825 3904 babeant
837 3846 995 3915 utilitates,
1004 3846 1046 3902 ait
1057 3862 1065 3901 ι
1076 3847 1162 3902 Sane
1176 3846 1288 3915 quoles

225 3946 383 4018 idioquae
396 3946 462 4003 sint
475 3961 591 4018 quosue
606 3948 650 4003 od
665 3960 742 4002 usus
760 3947 948 4013 reservatae,
960 3942 1097 4000 conditor
1114 3943 1179 4014 ipse
1198 3954 1290 3998 nova-

225 4044 276 4114 rit,
294 4058 356 4100 esse
372 4048 482 4100 tamen
496 4058 549 4100 eas
564 4043 609 4099 ibi
622 4042 788 4111 scrobium
803 4043 933 4096 testante
948 4042 1079 4096 nullum
1092 4039 1224 4096 dubium
1238 4041 1291 4094 est.

228 4139 314 4205 Quod
328 4153 402 4209 ergo
420 4143 523 4196 tantus
540 4139 647 4195 doctor
667 4137 755 4208 quasi
771 4135 897 4193 dubium
911 4136 969 4192 sibi
987 4136 1124 4207 reliquit,
1141 4134 1292 4192 affirmare

230 4237 317 4295 nobis
325 4239 611 4306 arrogantissimum
619 4235 750 4292 videtur.
764 4234 848 4300 Quod
855 4248 928 4290 vero
939 4234 1079 4291 nonnulii
1088 4233 1202 4305 opinati
1209 4234 1299 4301 sunt,
