2992 5048
681 421 790 483 2250
809 453 844 467 ..

668 677 679 713 ·.
708 653 832 722 CXXV

636 816 671 866 In
694 816 884 871 2Noeturno.

343 1081 354 1100 .
408 1033 490 1103 Post
504 1033 700 1105 honorem*
721 1040 940 1130 singularem
959 1041 1126 1130 virginiS,

409 1147 503 1226 Quae
522 1150 572 1219 sie
591 1152 707 1240 pollet,
728 1158 745 1194 *
767 1163 803 1224 ut
825 1155 871 1225 sit
892 1155 954 1224 Dei
970 1156 1141 1245 genitrix,

409 1267 482 1344 Qua
496 1266 627 1336 virtute
645 1269 662 1304 *
676 1270 731 1337 vel
752 1268 886 1339 honore
902 1253 1053 1360 praediti

409 1379 487 1448 Sint
505 1380 608 1450 istius
626 1386 643 1423 *
661 1381 795 1472 gradus
817 1404 923 1452 sexus
941 1383 1088 1472 singuli,

501 1497 715 1586 Multiplici*
734 1519 855 1568 rerum
875 1505 989 1589 specie

504 1613 632 1682 Sacrae
646 1614 770 1683 docent
788 1614 805 1651 *
824 1634 886 1684 nos
901 1615 1081 1685 historiae.

350 1877 358 1893 .
414 1829 571 1899 Paradisi
588 1834 605 1870 *
623 1832 757 1921 primus
771 1832 886 1901 Adam
900 1830 1012 1900 incola

413 1944 519 2013 Extra
532 1945 644 2015 lactus
659 1947 675 1983 *
692 1948 757 2016 luit
776 1947 871 2016 intus
889 1946 1032 2025 femina,

416 2057 463 2128 Ut
475 2065 510 2128 et
527 2059 652 2129 locus*
670 2061 744 2151 ipse
758 2061 804 2129 sit
818 2059 961 2146 indicio,

415 2172 526 2251 Quam
547 2177 719 2245 excellens
736 2183 753 2220 *
772 2176 899 2245 harum
913 2177 960 2244 sit
978 2175 1122 2262 mealia,

505 2290 599 2366 Quae
622 2291 665 2359 de
680 2298 776 2360 costa
792 2296 810 2333 *
827 2290 895 2358 viri
911 2288 1084 2365 conditae,

506 2405 626 2474 Fortes
645 2412 762 2475 essent
780 2406 797 2443 *
815 2404 910 2474 velut
928 2425 1060 2474 osseae.

355 2674 363 2690 .
418 2625 565 2695 Haecin
581 2626 732 2694 multis*
755 2625 921 2695 tortitudo
942 2627 1057 2711 irruit,

404 2732 508 2810 ‘Cum
526 2740 682 2808 virorum
697 2741 713 2777 *
730 2738 844 2808 virtus
869 2739 1058 2822 exaruerit,

420 2855 460 2921 ln
478 2853 633 2943 exemplo
650 2862 667 2898 *
685 2860 817 2944 perstat
841 2852 948 2942 judex
968 2855 1107 2923 Debere

420 2969 474 3055 Et,
494 2989 583 3058 quae
596 2969 750 3036 stravit*
764 2968 998 3054 Holofernem,
1020 2967 1137 3055 vidua,

504 3085 770 3173 Solemuemque
786 3084 962 3153 *missam
987 3083 1113 3153 merila

504 3200 643 3289 Septem
657 3200 806 3268 fratrum
822 3199 839 3235 *
858 3205 970 3267 mater
990 3198 1123 3268 inclita.

329 3420 362 3488 l.
414 3418 538 3509 Jephte
554 3426 633 3487 nata
649 3418 819 3487 *victoris
835 3419 870 3484 in
885 3417 1067 3506 proprium

417 3535 531 3603 Patris
550 3533 739 3601 dextram*
757 3531 924 3600 animavit
940 3532 1115 3620 jugulum,

417 3649 502 3717 Meri
520 3647 631 3737 magis
646 3647 807 3735 *eligens
827 3666 933 3735 quam
951 3646 1104 3733 gratiam

417 3765 504 3834 Veto
515 3769 613 3853 pater
629 3769 645 3806 *
663 3761 798 3831 fraudet
814 3761 881 3830 sibi
901 3761 1124 3849 praestitam.

506 3879 574 3967 Ipsi
593 3877 708 3962 decus,
729 3875 825 3967 *ipsi
843 3875 969 3967 gloria,

506 3990 570 4070 Qui
586 3998 635 4062 tot
652 3990 732 4060 lacit
744 3989 762 4026 *
775 3988 961 4062 mirabilia.
