2992 5048
606 908 877 992 PRAEFATIO

263 1331 313 1394 nd
330 1337 453 1396 tuarum
464 1349 591 1413 precum
608 1330 808 1406 instantiam,
821 1347 909 1393 soror
924 1328 1004 1392 mihi
1023 1329 1163 1406 Heloisa,
1179 1330 1211 1394 in
1222 1347 1294 1394 sae-

222 1437 292 1501 culo
302 1437 461 1520 quondam
470 1455 553 1514 cara,
564 1455 649 1501 nunc
659 1437 691 1500 in
700 1436 828 1500 Christo
841 1434 1019 1511 carissima,
1028 1433 1297 1518 hymnosGraeoe,

223 1542 332 1618 dictos,
353 1541 506 1606 Hebraico
522 1542 657 1608 tehillim
672 1541 715 1623 (l)
741 1538 922 1605 nominatos
947 1539 1131 1621 composui3
1159 1541 1200 1602 ad
1215 1559 1295 1622 quos

226 1649 353 1731 quidem
368 1666 417 1712 ma
430 1649 611 1712 scribendos
631 1665 705 1711 oum
728 1655 792 1711 tam
824 1652 858 1711 tu
879 1666 987 1729 quam,
1004 1666 1086 1729 quae
1112 1654 1212 1713 mum
1225 1665 1301 1711 mo·-

225 1761 349 1833 rantur,
365 1760 493 1818 sanctae
509 1752 713 1835 professionis
736 1753 872 1817 leminae
896 1753 1023 1837 saepius
1037 1753 1202 1836 urgeretis,
1228 1771 1297 1817 res-

231 1868 312 1925 tram
327 1879 422 1942 super
436 1860 494 1923 hoc
508 1860 713 1925 intentionem
725 1859 888 1941 requisivi.
917 1859 1091 1925 Censebam
1107 1861 1225 1943 quippe
1241 1879 1297 1923 su-

232 1967 385 2050 perfluum
399 1983 450 2046 me
463 1966 552 2030 vobis
564 1985 661 2031 novos
671 1967 896 2064 condere,cum
908 1973 1048 2031 veterum
1058 1966 1183 2046 copiam
1197 1966 1297 2030 habe·

232 2073 309 2138 retis
321 2081 352 2137 et
365 2072 456 2155 quasi
470 2073 672 2157 sacrilegium
684 2075 783 2138 videri
797 2073 936 2156 antiquis
951 2080 1131 2139 sanctorum
1140 2073 1298 2138 carmini·

234 2181 293 2244 bus
308 2199 388 2244 nova
414 2186 608 2261 peccatorum
633 2179 787 2261 praeferre
801 2180 851 2244 vel
879 2199 1024 2262 aequare.
1053 2182 1136 2244 Dum
1157 2185 1298 2243 autema

236 2286 369 2351 diversis
381 2286 504 2351 diversa
519 2286 597 2350 mihi
621 2288 891 2370 responderentur,
916 2295 949 2351 tu
976 2288 1173 2352 intercetera
1189 2287 1300 2359 talem,¹

236 2391 376 2468 memini,
392 2391 550 2473 subjecisti
568 2393 742 2458 rationem:
762 2392 897 2472 Scimus,
919 2394 1078 2477 inquiens,
1099 2394 1244 2458 Latinam
1264 2402 1295 2466 et

230 2496 367 2561 maxime
380 2496 576 2561 Gallicanam
591 2498 765 2577 ecclesiam,
781 2499 906 2562 sioutin
918 2499 1048 2580 psalmis
1064 2501 1147 2564 itaet
1156 2498 1190 2561 in
1204 2499 1296 2582 hym-

235 2599 287 2665 nis
300 2603 402 2682 magis
427 2601 686 2694 consuetudinem
710 2610 815 2667 tenere
829 2621 927 2685 quam
950 2603 1168 2668 auctoritatem
1193 2603 1295 2684 sequit

236 2706 394 2771 lacertum
416 2708 529 2771 etenim
556 2709 660 2773 adhuc
685 2708 849 2786 habemus,
871 2710 964 2790 cujus
990 2710 1127 2774 auctoris
1148 2709 1226 2772 haec
1253 2708 1299 2772 sit

236 2809 407 2893 translatio,
423 2828 519 2890 quam
534 2816 640 2873 nostra
654 2817 684 2874 et
705 2811 869 2875 Gallicana
887 2811 931 2894 (ἓ)
956 2811 1138 2894 frequentat
1153 2813 1296 2878 ecclesia.

234 2915 336 2992 Quam
347 2916 374 2979 si
388 2934 426 2979 ex
445 2933 553 2979 eorum
575 2916 669 2980 dictis
683 2916 856 2997 dijudicare
871 2903 1017 2994 velimus,
1033 2920 1090 3002 qui
1119 2919 1300 2984 translatio·

233 3038 310 3084 num
324 3017 519 3084 diversitates
532 3019 622 3084 nobis
636 3028 836 3101 aperuerunt,
856 3024 949 3103 longe
964 3022 1005 3085 ab
1033 3021 1191 3087 universis
1205 3022 1302 3086 inter·

234 3124 460 3206 pretationibus
471 3124 635 3189 dissidebit
660 3134 690 3190 et
709 3127 845 3219 millam,¹
869 3134 904 3190 ut
926 3128 1074 3206 arbitror,
1103 3127 1302 3192 auctoritatis

235 3228 420 3311 dignitatem
430 3230 592 3294 obtinebit.
610 3229 647 3293 ln
659 3248 726 3311 qua
743 3231 871 3313 quidem
884 3233 963 3297 adeo
980 3234 1152 3314 longaevae
1169 3252 1302 3298 eonsue-

235 3332 352 3396 tudinis
365 3352 443 3397 usus
451 3332 519 3413 jam
531 3334 714 3414 praevaluit,
734 3340 779 3411 ut,
799 3352 871 3398 cum
886 3336 920 3399 in
934 3336 1048 3400 ceteris
1063 3344 1200 3401 correcta
1214 3337 1298 3399 beati

235 3438 416 3523 Hieronymi
431 3445 589 3505 teneamus
603 3440 805 3534 enemplaria,
817 3438 856 3504 ‘iu
869 3441 1030 3523 psalterio,
1048 3443 1135 3525 quod
1159 3441 1298 3505 maxime

234 3544 475 3627 frequentamus,
494 3564 664 3628 sequamur
680 3548 865 3630 apocrypha
881 3547 940 3630 (3).

277 3650 475 3734 Hymnorum
489 3672 571 3729 vero,
587 3651 701 3734 quibus
714 3671 798 3717 nunc
810 3652 939 3732 utimur,
963 3660 1052 3717 tanta
1068 3659 1116 3718 est
1142 3651 1300 3725 conlusio,

236 3762 282 3834 ul,
295 3758 352 3840 qui
365 3777 501 3840 quorum
514 3758 589 3837 sint,
605 3758 692 3822 nulla
706 3759 756 3822 vel
768 3778 839 3822 rara
853 3760 1013 3824 titulorum
1022 3759 1229 3843 praescriptio
1240 3756 1303 3822 dis-

238 3863 359 3942 tinguat
373 3882 380 3938 ;
400 3869 431 3928 et
443 3863 471 3928 si
485 3864 585 3947 aliqui
601 3870 703 3929 certos
720 3871 861 3929 auctores
880 3865 995 3930 habere
1011 3866 1189 3940 videantur,
1217 3881 1300 3944 quo-

237 3967 415 4049 comprimi
433 3970 576 4034 Hilarius
588 3976 620 4034 et
629 3967 817 4034 Ambrosius
826 3971 983 4037 exstitisse
992 3973 1174 4050 creduntur,
1188 3969 1302 4034 deinde

241 4072 429 4138 Prudentius
437 4082 468 4139 et
482 4075 623 4158 plerique
638 4073 705 4152 alii,
724 4080 811 4139 tanta
834 4083 884 4141 est
895 4077 1073 4161 frequenter
1088 4073 1303 4159 inaequalitas

239 4175 434 4259 syllabarum
448 4187 483 4244 ut
498 4182 553 4246 vix
565 4164 681 4247 cantici
692 4179 858 4246 melodiam
872 4184 1037 4266 recipiant,
1055 4185 1126 4248 sine
1149 4201 1214 4264 qua
1229 4181 1303 4244 nul-

241 4284 364 4349 latcnus
380 4285 519 4369 hymnus
532 4287 702 4353 consistere
719 4293 831 4368 potest,
854 4288 946 4371 cujus
969 4289 1139 4372 descriptio
1163 4295 1212 4353 est
1231 4287 1304 4350 laus
