2992 5048
657 411 761 477 -uss
783 440 818 455 -

698 641 788 710 CXll

616 806 675 858 In3
690 807 844 860 Nocturno.

209 1032 243 1099 l.
301 1032 472 1099 Praesens
490 1030 561 1098 vila
581 1026 749 1098 scithis*
768 1035 865 1097 sexta
884 1028 980 1114 feria,

297 1145 370 1222 Qua
388 1144 526 1214 Christo
549 1144 718 1233 compassi
735 1153 817 1213 sunt
834 1146 851 1183 *
868 1143 1089 1228 abstinentia,

386 1260 483 1329 Sicut
502 1259 574 1350 ipse
592 1259 608 1295 *
627 1260 699 1328 tolli
718 1280 857 1329 crucem
872 1258 1036 1349 praecipit

391 1377 435 1448 Et
453 1396 491 1445 se
510 1375 640 1445 Paulus
658 1375 891 1444 *crucifixum
910 1373 1046 1444 asserit.

213 1490 296 1559 Post
305 1491 395 1560 hanc
406 1490 506 1581 quies
518 1492 768 1559 *animarum*
780 1489 876 1558 subit
895 1487 1282 1579 tamquamsabbatum,

211 1607 342 1677 Stolam
359 1608 500 1675 tandem
516 1610 534 1647 *
551 1607 595 1675 ab
614 1617 734 1675 octava
752 1606 768 1642 *
787 1605 910 1674 reddes
925 1606 991 1674 illis
1010 1624 1209 1695 corporum.

239 1745 243 1750 ·
299 1718 366 1786 Per
380 1739 485 1808 quem
503 1724 596 1803 sunt,
617 1729 633 1765 *
649 1718 733 1806 justi
748 1718 945 1808 quicunque
964 1724 1060 1802 sunt,

299 1835 482 1924 Perquem
501 1842 595 1916 sunt,
615 1840 631 1876 *
650 1835 741 1902 beati
762 1833 890 1922 quique
911 1840 1004 1902 sunt.

210 2055 245 2122 2.
301 2044 543 2144 P'erscquentis
557 2052 694 2142 gladius
707 2061 724 2097 *
738 2053 806 2122 illis
825 2053 947 2139 deluit,

300 2167 368 2237 Sed
386 2176 528 2258 paratus
548 2169 713 2237 animus*
733 2168 813 2238 huic
831 2169 955 2253 adfuit,

389 2283 510 2352 Sinon
527 2284 608 2352 tulit
623 2282 640 2318 *
653 2303 778 2373 corpus
797 2283 886 2352 ictus
905 2282 1024 2370 gladii,

395 2399 551 2467 Palmam
567 2405 683 2466 tamen
698 2401 715 2438 *
729 2398 833 2466 habet
852 2418 950 2466 mens
968 2396 1141 2486 martyrii,

213 2511 334 2581 Cesset
349 2511 462 2593 lictor,
482 2513 498 2549 *
518 2521 653 2580 cessent
667 2511 823 2581 cuncta*
843 2521 1094 2581 tormentorum
1112 2531 1258 2601 genera,

213 2625 279 2711 Tu,
297 2625 483 2716 quicordis
500 2624 516 2660 *
536 2646 573 2695 es
588 2627 772 2715 inspector,
793 2623 871 2694 *ad
899 2625 963 2695 hoc
981 2626 1091 2695 refers
1109 2626 1284 2715 praemia.

309 2740 382 2808 Per
396 2759 500 2828 quem
518 2746 612 2820 sunt,
633 2738 751 2827 *justi
770 2740 967 2828 quicunque
986 2748 1079 2824 sunt,

303 2855 371 2923 Per
389 2874 496 2943 quem
514 2861 607 2940 sunt,
631 2854 756 2923 *beati
776 2854 905 2943 quique
924 2863 1018 2923 sunt.

219 3073 254 3140 3.
312 3071 350 3138 ln
369 3070 498 3139 sanctis
514 3071 664 3138 mirabili
684 3074 786 3141 *Deo
799 3073 923 3164 gloria,

307 3188 358 3255 Ex
371 3206 521 3277 quo,per
535 3207 650 3276 quem,
667 3189 703 3257 in
717 3189 1010 3280 quosun-t,*quae
1024 3190 1250 3274 sunt,omnia
1279 3213 1289 3278 3

397 3303 506 3389 Cujus
524 3307 606 3389 agit,
626 3310 642 3346 *
659 3302 827 3392 quidquid
840 3304 926 3386 vult,
948 3304 1115 3393 potentia,

398 3416 600 3506 Optimeque
617 3423 634 3460 *
653 3417 803 3507 disponit
822 3419 1019 3508 prudentia.

217 3531 327 3608 Quem
345 3539 379 3600 ct
397 3531 485 3600 velle
502 3537 519 3574 *
536 3531 612 3622 geri
630 3532 717 3601 hene
734 3533 751 3570 ‘⁸‘
769 3535 973 3624 disponique
992 3533 1141 3622 singula,

215 3645 375 3715 Dubitari
393 3654 409 3690 *
427 3667 496 3715 non
515 3648 683 3735 permittit
700 3655 716 3691 *
735 3649 810 3735 ejus
829 3670 965 3718 summa
984 3649 1144 3732 honitas3

397 3762 465 3830 Per
480 3782 581 3852 quem
599 3771 692 3848 suut,
710 3763 827 3850 *iusti
845 3765 1043 3854 quicunque
1064 3769 1162 3847 sunt,

399 3877 466 3946 Per
485 3897 586 3965 quem
603 3886 696 3971 sunt,
716 3875 732 3912 *
751 3879 843 3948 beati
862 3880 990 3969 quique
1008 3886 1108 3948 sunt.
