2992 5048
675 462 711 473 ..
729 433 764 490 62
785 461 816 474 ..

690 575 800 643 ΧΧΙΧ

662 711 831 782 Snsnnro.

642 849 687 900 Ad
711 851 859 916 vesperas.

218 991 250 1058 l.
308 990 336 1059 Ο
355 997 496 1079 quanta,
517 991 664 1080 qualia*
682 992 836 1062 suntilla
855 991 1018 1072 Sabbata,

306 1108 400 1184 Quae
419 1126 553 1196 semper
567 1107 754 1178 celebrat*
776 1129 926 1197 superna
945 1107 1052 1189 ouria,

307 1223 402 1299 Quae
421 1221 522 1290 sessis
541 1223 694 1312 requies,
714 1227 730 1263 *
749 1221 837 1313 quae
854 1243 987 1292 meroes
1007 1222 1167 1310 sortibus,

309 1339 396 1407 Cum
412 1338 479 1406 erit
498 1339 612 1407 omnia
629 1341 646 1377 *
664 1339 755 1408 Deus
773 1340 808 1406 in
823 1338 996 1409 omnibus.

220 1529 252 1550 ...
313 1483 404 1550 Vere
418 1480 611 1549 Jerusalem
624 1481 641 1516 '¹‘
657 1488 709 1550 est
724 1482 782 1550 illa
798 1483 930 1568 civitas,

308 1595 416 1681 Cujus
435 1615 501 1684 pax
516 1597 612 1683 jugis
631 1602 696 1681 est,
710 1601 727 1636 *
745 1615 879 1663 summa
895 1593 1106 1683 jucundilaS,

312 1708 378 1778 Ubi
403 1729 472 1776 non
491 1709 672 1798 praevenit
689 1712 705 1748 *
722 1729 797 1805 rem
814 1709 1037 1789 desiderium,

304 1825 374 1894 Nec
392 1823 565 1892 desiderio
578 1825 595 1860 *
614 1824 733 1892 minus
755 1831 807 1893 cst
827 1824 1031 1914 praemium.

243 2018 251 2034 .
303 1967 394 2058 ,Quis
413 1987 482 2048 rex,
499 1986 587 2055 quae
606 1967 739 2053 curia,*
758 1965 857 2056 quale
876 1967 1056 2056 palatium,

305 2083 399 2159 Quae
418 2102 495 2170 pan,
517 2101 605 2170 quae
626 2082 763 2170 requies
779 2081 905 2171 *uuod
924 2080 1009 2150 illud
1029 2080 1207 2171 gaudium,

305 2199 417 2284 Hujus
436 2197 651 2285 participes*
669 2206 841 2286 exponant
859 2197 1001 2286 gloriae,

301 2313 349 2397 Si,
371 2320 539 2402 quantum
555 2313 723 2399 sentiunt,
738 2312 755 2348 *
771 2315 905 2403 possint
919 2314 1125 2403 exprimere.

237 2507 244 2523 .
303 2454 468 2524 Nostrum
486 2461 540 2523 est
558 2454 728 2523 interim*
746 2462 898 2523 mentem
917 2455 1050 2544 erigere

302 2571 345 2638 Et
364 2569 443 2644 totis
463 2569 643 2659 patriam*
661 2569 752 2638 votis
769 2575 942 2658 appetere,

298 2686 341 2752 Et
360 2684 403 2752 ad
421 2683 616 2752 Jerusalem
634 2682 650 2718 *
669 2705 687 2756 a
710 2683 898 2774 Babylonia

300 2800 382 2868 Post
399 2799 503 2888 longa
521 2800 692 2889 regredi*
712 2800 848 2869 tandem
868 2799 1001 2868 exsilia.

222 2941 244 3007 '.
304 2939 377 3006 lllio
394 2941 591 3010 molestiis*
610 2940 718 3009 finitis
736 2941 898 3010 omnibus

303 3053 424 3122 Securi
442 3052 600 3123 cantica*
618 3055 702 3124 Sion
721 3055 949 3138 cantabimus,

301 3167 344 3234 Et
363 3169 464 3257 juges
483 3169 638 3257 gratias*
656 3169 698 3237 de
712 3167 812 3236 donis
830 3168 964 3256 gratiae

301 3278 406 3348 Beata
425 3280 576 3350 reseret*
593 3279 693 3369 plebs
711 3281 787 3363 tibi,
809 3280 964 3348 Domine.

237 3469 244 3486 .
303 3419 375 3488 lllic
391 3440 433 3488 ex
452 3421 628 3492 Sabbata*
641 3422 802 3491 suecedet
819 3420 1023 3504 Sabbatum,

301 3535 430 3623 Perpes
447 3536 600 3605 laetitia*
617 3536 918 3619 sabbatizantium,

305 3650 377 3718 Nee
392 3649 612 3719 ineffabiles*
630 3650 816 3720 cessabunt
831 3650 944 3739 jubili,

303 3764 394 3840 Quos
412 3763 700 3835 decantabimus*
718 3774 752 3836 et
772 3786 834 3834 nos
853 3771 888 3833 et
907 3762 1033 3852 angeli.

243 3956 251 3972 .
303 3905 451 3974 Perenni
467 3906 642 3977 Domino*
660 3927 784 3997 perpes
804 3907 850 3976 sit
868 3906 979 3996 gloria

302 4020 352 4088 Ex
363 4041 431 4111 quo
443 4031 535 4108 sunt,
553 4044 614 4113 per
627 4045 730 4114 quem
744 4029 863 4106 sunt*
876 4023 989 4111 inquo
999 4026 1081 4089 sunt
1094 4020 1231 4088 omnia:

302 4136 353 4204 Ex
376 4158 444 4226 quo
460 4147 552 4220 sunt,
572 4148 673 4228 pater
692 4138 782 4225 est*
800 4158 978 4229 perquem
995 4143 1088 4222 sunt,
1106 4135 1210 4216 fitius,

302 4253 340 4320 In
360 4271 428 4341 quo
442 4260 536 4340 sunt,
558 4255 667 4343 patris
686 4262 721 4324 et
738 4254 753 4290 *
771 4254 833 4322 lilii
852 4252 1009 4344 spiritus.
