2992 5048
607 428 750 485 ‚90-

603 631 745 699 XXXIV

476 829 520 895 Irr-
536 828 727 897 Errenesis
756 826 879 896 Dorum

563 994 596 1043 In
613 994 627 1043 t
645 993 799 1043 Noctuine.

352 1244 359 1257 .
418 1187 641 1260 Nasciturum
658 1192 674 1229 *
693 1190 768 1260 sive
784 1198 903 1260 natum

460 1308 551 1378 Coeli
571 1329 689 1398 regem
708 1317 743 1379 et
758 1317 871 1379 terrae

416 1424 515 1493 Miris
527 1424 667 1515 signis*
685 1445 725 1493 eo
743 1425 859 1515 dignis

464 1541 716 1609 Praedicarunt
735 1549 894 1630 utraque.

329 1733 361 1799 2.
420 1732 521 1811 Nam,
549 1732 718 1823 Auguste,
738 1739 755 1776 *
774 1739 807 1801 te
826 1733 968 1800 florente

463 1847 578 1917 Solem
596 1847 703 1917 cinxit
720 1860 857 1933 corona,

422 1961 608 2031 Inundavit
625 1963 647 2033 *,
659 1962 748 2051 quod
766 1961 920 2030 manavit

467 2078 588 2147 Oleum
605 2076 647 2146 de
664 2076 818 2146 taberna.

331 2275 364 2342 3.
419 2274 591 2343 Veniente
608 2271 854 2360 *redemptore

471 2385 591 2456 Servis
604 2385 708 2453 datur
721 2383 877 2467 libertas,

419 2498 606 2568 Servitutis
623 2506 640 2543 *
656 2498 780 2586 jugum
798 2495 889 2566 tollis

463 2615 517 2699 Et,
538 2633 641 2702 quem
662 2612 786 2693 nescis,
803 2610 1019 2700 praesignas.

335 2806 368 2872 li.
426 2806 640 2875 Interdicis*
659 2825 721 2872 nec
741 2803 911 2893 permittis

470 2903 518 2990 Te
536 2921 715 2990 dominum
729 2912 857 3001 v'ocari,

426 3038 471 3106 Ut
490 3044 635 3105 venturo
653 3044 669 3081 *
687 3034 794 3123 possit
812 3034 950 3103 Christo

472 3151 583 3220 Decus
599 3151 660 3218 hoc
676 3151 860 3217 reservari.

337 3351 370 3417 s.
427 3347 507 3418 Jani
526 3355 672 3436 pertas*
692 3353 783 3415 tenet
801 3345 936 3415 clausas

472 3461 544 3530 Pax
562 3461 734 3530 aChristo
752 3462 952 3548 praemissa,

430 3577 525 3653 Quae
539 3574 753 3666 prophetae*
769 3575 942 3664 quondam
961 3595 1043 3644 voce

453 3773 457 3782 Ι
475 3690 603 3760 Mundo
616 3691 680 3760 suit
698 3690 878 3780 promissa.

344 3891 382 3959 6.-
436 3888 517 3957 Ρωί
529 3889 564 3957 in
583 3886 699 3966 terris,
718 3885 784 3953 *in
804 3887 948 3956 excelsis

478 4005 531 4074 Sit
550 4002 672 4090 gloria,
688 4000 734 4071 sit
752 4022 886 4072 summa

434 4118 521 4209 Regi
540 4135 688 4202 summ0‚
703 4123 720 4159 *
738 4118 837 4205 patri,
860 4117 979 4200 serbo,

477 4232 622 4325 Spiritui
637 4251 699 4320 per
712 4233 837 4302 saecla.
