2992 5048
657 401 818 458 -154—

211 527 347 598 virginis
361 528 468 596 tumet,
484 524 623 596 procedit
645 526 802 594 tamquam
828 531 959 591 sponsus
986 516 1025 573 de
1048 515 1182 571 thalamo
1209 526 1274 569 suo.

211 624 360 682 Mirabilis
372 623 431 680 ista
444 622 609 692 generatio.
626 620 776 677 Mirabilis
791 622 840 675 est
852 621 995 686 humana,
1010 615 1084 687 quia
1094 614 1162 671 sine
1175 616 1276 685 patre,

211 718 360 776 mirabilis
373 718 437 788 illa,
453 716 525 789 quia
544 716 611 773 sine
624 719 759 772 matre».
773 745 808 756 -
822 715 850 782 2,
868 714 893 768 1.
908 715 1010 769 Paene
1028 711 1103 767 mihi
1117 721 1282 781 persuase-

213 818 280 886 rim,
296 817 376 873 hunc
386 829 511 871 versum
523 794 840 870 abaelardi'ndamum
853 825 870 867 a
881 813 988 867 Sancto
999 810 1133 877 Victore,
1142 805 1280 864 omnium

215 914 516 985 hymnograpborum·
525 911 708 982 principem,
724 909 876 966 imitatum
897 921 977 978 esse,
998 921 1070 963 cum
1084 902 1282 976 sequentiam

214 1012 386 1082 paschalem
398 1013 576 1066 cantaturus
595 1008 639 1064 sic
654 1020 782 1063 exorsus
797 1009 844 1063 est
864 1021 871 1059 ε

462 1158 555 1216 Salve,
572 1157 641 1215 dics,
660 1157 776 1207 dierum
789 1156 896 1218 pluria,

465 1245 531 1297 Dies
546 1246 626 1308 felioc,
639 1244 747 1296 Christi
764 1243 893 1296 victoria.

248 1418 275 1486 2,
293 1419 321 1473 1.
338 1419 421 1475 Felix
436 1419 536 1488 stella,
553 1431 632 1488 quae
647 1416 744 1473 solem
754 1415 884 1487 peperit.
902 1415 1043 1472 Christus
1059 1415 1106 1472 sol
1129 1414 1285 1489 iustitiae,

213 1515 303 1570 stella
316 1515 408 1571 maris
424 1515 535 1579 Maria;
553 1514 625 1570 hinc
639 1513 677 1570 de
693 1513 783 1570 stella
799 1513 847 1568 sol
865 1515 956 1568 uatus
972 1515 1031 1580 est,
1045 1512 1127 1583 utin
1141 1511 1279 1568 celeber·

214 1608 291 1666 rima
302 1623 404 1680 prosa,
416 1623 588 1681 perperam,
603 1612 639 1665 ut
649 1608 783 1676 videtur,
795 1607 971 1664 Bernhardo
984 1607 1079 1665 tribui
1095 1608 1186 1664 solita
1200 1622 1206 1660 :

584 1757 712 1823 Angelus
724 1753 839 1807 consilii

588 1847 679 1897 Natus
694 1847 738 1896 est
749 1843 784 1896 de
801 1845 924 1909 virgine.

621 1933 670 1984 Sol
682 1932 715 1983 de
729 1932 821 1984 stella.

252 2098 280 2168 4,
310 2098 336 2153 1.
354 2097 443 2154 Vitae
464 2097 547 2153 viam
570 2097 604 2153 in
625 2097 677 2153 via
696 2097 826 2169 peperit.
849 2099 931 2152 llaec
958 2111 1019 2153 non
1034 2096 1138 2167 inepte
1157 2109 1193 2151 ex
1212 2093 1282 2149 lob.

223 2195 268 2265 11,
295 2196 314 2252 6
338 2198 369 2251 et
396 2197 470 2252 (len.
499 2195 543 2264 30,
571 2195 597 2265 8,
625 2194 678 2250 ubi
705 2195 834 2250 Thamar
862 2195 895 2249 in
923 2193 1006 2250 bivio
1034 2193 1193 2265 peperisse
1216 2204 1287 2247 nar·

223 2292 320 2360 ratur,
337 2289 467 2346 conflata
479 2293 559 2347 sunt.
573 2293 650 2346 Nam
665 2290 744 2347 sicut
753 2291 812 2347 ista
825 2291 857 2345 in
868 2290 964 2360 bivio,
973 2291 1016 2346 ita
1027 2289 1125 2346 Maria
1133 2290 1166 2345 in
1176 2287 1289 2344 itinere
1304 2302 1311 2317 ·

218 2387 314 2458 inque
330 2387 449 2444 stabulo
461 2386 557 2444 fetum
567 2387 670 2444 edidit.
681 2387 879 2444 communius
889 2386 1017 2442 Thamar
1025 2388 1118 2457 typus
1127 2383 1291 2455 ecclesiae,

220 2498 300 2553 quae
311 2499 348 2540 ex
361 2483 438 2541 luda
449 2484 589 2553 (Christo)
606 2484 743 2552 geminos
755 2483 875 2552 habeat,
891 2483 1022 2539 ludaeos
1036 2483 1153 2539 scilicet
1166 2485 1198 2538 et
1213 2495 1287 2550 gen·

218 2581 302 2637 tiles.
312 2581 409 2637 Aliter
420 2583 508 2650 Hugo
523 2583 660 2637 asancto
674 2580 798 2636 Victore
815 2580 995 2648 (Allegoriae
1010 2579 1043 2635 in
1053 2581 1161 2635 (leues.
1178 2593 1205 2634 c.
1230 2578 1287 2647 17),

221 2690 301 2748 quae
314 2677 348 2732 in
361 2677 472 2733 Genesi
486 2681 660 2745 narrantur,
671 2677 798 2746 mystice
812 2677 1051 2748 interpretatur:
1071 2693 1084 2729 c
1104 2675 1182 2732 luda
1194 2675 1291 2744 igitur

221 2777 270 2831 est
283 2774 442 2841 Clrristus;
458 2788 532 2830 oves
547 2773 665 2844 fideles,
685 2776 824 2844 pastores
844 2774 984 2831 doctores
1007 2776 1089 2842 sunt,
1112 2775 1183 2830 lana
1206 2773 1289 2828 bona

219 2885 326 2941 opera,
340 2871 469 2927 Thamar
485 2871 593 2938 anima,
610 2871 709 2927 sessio
720 2871 752 2925 in
763 2870 846 2926 bivio
862 2869 1014 2926 consessio
1030 2870 1068 2928 de
1082 2872 1219 2941 peccato,
1232 2869 1291 2925 im-

220 2968 401 3039 praegnatio
423 2968 540 3038 gratiae
567 2967 692 3034 infusio,
727 2968 867 3036 geminae
891 2968 988 3038 prolis
1017 2968 1109 3024 editio
1135 2967 1289 3024 virtutum

220 3061 397 3118 exercitatio
422 3065 453 3118 et
472 3062 621 3118 bonorum
646 3077 774 3133 operum
788 3063 932 3118 exhibitio
948 3079 974 3116 a.
998 3063 1056 3120 Sed
1071 3063 1148 3118 haec
1162 3063 1286 3132 longius

221 3151 333 3222 procul
342 3150 434 3207 dubio
449 3151 629 3222 conquisita.
643 3182 677 3193 -
691 3155 719 3222 5,
736 3152 761 3206 1.
786 3152 980 3218 obstetrices,
996 3152 1028 3207 ni
1043 3152 1143 3221 fallor,
1169 3151 1287 3223 quique

221 3249 332 3304 barum
343 3248 428 3337 vices
443 3253 537 3317 agunt
565 3250 666 3319 angeli
681 3264 717 3305 ex
731 3250 867 3306 Notkero
882 3249 1062 3321 desumptae
1076 3249 1288 3320 sunt-quippe

221 3344 277 3417 qui
292 3344 325 3400 in
341 3346 616 3416 SequentiaNatuc
626 3350 700 3402 ante
709 3349 841 3404 saecula
856 3347 932 3402 baec
941 3347 1050 3404 babeat
1065 3363 1071 3402 :
1085 3364 1098 3399 ι
1113 3345 1228 3416 (laude,
1235 3343 1290 3402 Dei

221 3439 366 3510 genitrix,
383 3453 474 3510 quam
494 3441 691 3498 circumstant
705 3442 904 3500 obstetricum
920 3441 989 3498 vice
1012 3441 1210 3499 concinentes
1236 3453 1290 3496 an-

224 3537 286 3606 geli
301 3537 429 3607 gloriam
440 3538 535 3595 Dei».
549 3539 693 3609 Kehrein,
709 3541 901 3598 Lateiuiscbe
916 3545 1094 3613 sequenzen
1104 3540 1158 3597 des
1174 3538 1290 3596 Mittel-

223 3634 330 3702 alters,
345 3648 376 3705 p.
393 3635 439 3690 29.

259 3732 372 3788 xxxi.
388 3733 419 3787 Β.
443 3730 496 3788 fol.
517 3732 553 3787 87
569 3732 603 3800 b3
618 3734 640 3789 G
653 3732 705 3790 sol.
726 3735 761 3788 29
774 3734 805 3791 b.
821 3767 857 3776 -
872 3736 899 3806 1,
914 3737 942 3805 2,
958 3748 1118 3807 praesepe,
1133 3736 1206 3790 B.-
1219 3733 1245 3800 1,
1261 3733 1290 3788 1.

223 3829 330 3897 Quam,
348 3829 379 3885 G.
392 3829 469 3898 -1,
482 3830 508 3898 1,
523 3831 717 3899 tonitruislt.
729 3863 766 3872 -
776 3833 803 3903 4,
819 3834 847 3899 1,
861 3844 1045 3904 purpureas,
1060 3833 1092 3888 C.

258 3925 432 3991 adnotanda
446 3927 490 3996 21,
507 3927 531 3982 1.
544 3929 672 3984 Sensum
685 3929 776 4000 hujus
790 3945 901 3988 versus
916 3930 1079 4001 explicant,
1096 3942 1175 3999 quae
1196 3927 1289 3984 babet

224 4022 292 4093 ipse
302 4021 491 4080 Abaelardus
506 4023 537 4079 in
548 4025 723 4084 sermones.
742 4027 780 4085 de
794 4029 960 4084 Nativitate
975 4029 1045 4084 D.N.
1058 4043 1089 4081 z«
1099 4025 1200 4083 Ceteri
1213 4038 1289 4082 vere

225 4120 366 4177 homines
379 4135 416 4178 ex
430 4124 519 4192 patre
547 4122 638 4179 simul
652 4127 683 4180 et
696 4128 793 4182 matre
806 4129 1004 4196 generantur,
1016 4125 1074 4180 hoc
1086 4137 1150 4180 uuo
1165 4122 1289 4194 quidem

223 4221 362 4290 excepto,
377 4219 430 4290 qui
445 4234 482 4275 ex
497 4221 563 4277 sola
582 4224 688 4290 matre,
713 4226 749 4280 ut
763 4223 878 4281 dictum
904 4227 961 4294 est,
981 4222 1128 4279 nascitur.
1144 4220 1230 4279 Unde
1256 4224 1289 4276 et
