2992 5048
259 525 362 580 Noster
377 530 406 580 et
418 528 555 581 omnium.

259 614 439 668 Bemoondus
457 616 583 672 Domine.

257 703 322 757 Jem
331 706 401 760 hore
413 705 507 760 tertio.

258 792 343 848 Sexto
355 809 411 862 quo
426 795 568 851 nominos.

260 881 338 938 Nono
353 899 407 950 que
424 899 492 938 vero
507 886 565 940 lux.

259 970 344 1026 Footo
357 974 413 1041 ism
432 990 566 1043 vespere.

260 1060 323 1117 Piae
337 1065 460 1131 vioilies.

260 1151 343 1207 Sexta
358 1155 413 1222 jom
426 1157 550 1212 homine.

259 1245 367 1301 Dormit
381 1248 433 1302 hoo
448 1248 560 1306 triduo.

260 1333 360 1388 Leonis
374 1339 506 1392 catulum.

260 1421 399 1479 Ascensus
414 1427 505 1482 ostoli.

258 1510 356 1565 Adhuc
368 1519 401 1567 ut
415 1515 566 1574 dormiens.

259 1599 320 1652 Non
338 1604 478 1657 oeturelie
492 1610 550 1658 est.

258 1690 315 1740 Hic
327 1697 367 1743 est
380 1696 441 1744 dies
452 1709 537 1749 verus
547 1699 614 1752 Dei.

257 1776 418 1833 Christiani.
429 1785 565 1848 plaudite.

258 1865 301 1918 De
314 1868 421 1924 Marios
435 1877 614 1940 tympanum.

256 1956 327 2009 Jam
340 1961 412 2012 lucis
423 1970 483 2016 orto
496 1969 591 2022 sidere
603 1971 662 2034 (2⁰).

260 2045 358 2099 Golias
370 2055 529 2113 prostratus
543 2061 599 2109 est.

260 2134 343 2186 Veris
354 2143 434 2202 grato
448 2145 586 2209 tempore.

260 2223 293 2272 In
308 2228 455 2282 montibus
469 2231 518 2283 hio
531 2236 652 2292 saliens.

260 2309 437 2370 Quibusdam
448 2322 530 2385 qussi
541 2324 677 2384 saltibus.

260 2399 293 2448 In
306 2403 391 2454 terris
405 2405 498 2459 adhue
510 2413 647 2474 positam.

260 2487 333 2540 Cum
347 2493 378 2542 111
392 2495 483 2548 altum
499 2503 684 2560 ascenderet..

261 2578 379 2641 Optatus
388 2586 460 2638 votis
472 2591 616 2648 omnium.

259 2667 424 2724 Adventum
438 2675 535 2729 saneti
551 2681 684 2746 Spiritus.

259 2757 452 2814 Remissionis
465 2778 631 2824 numerum.

259 2845 401 2900 'erodente
416 2851 509 2919 legem
526 2857 663 2916 Domino.

258 2934 463 2998 Apostolorum
470 2950 597 3008 pectore.

256 3024 326 3074 Jom
339 3027 466 3083 Christus
473 3039 553 3086 ostro
564 3053 662 3094 asceu-

289 3116 384 3169 derat.

261 3198 283 3247 0
299 3200 351 3251 luo
360 3203 441 3255 beata
452 3207 587 3264 Trinitas.

258 3285 361 3338 Adesto
372 3296 472 3343 saneto
483 3295 617 3352 Trinitas.

262 3369 283 3420 O
288 3375 376 3433 poter
382 3381 488 3438 sancte,
499 3383 578 3434 mitis
591 3390 677 3450 atque

286 3472 350 3520 pre.

257 3547 666 3620 Pauoeltupuaplortosioor·

286 3638 380 3697 poris.

258 3727 357 3778 sacru
371 3732 536 3787 solemniis.

261 3812 386 3867 Verbum
407 3831 568 3882 superuum
585 3839 662 3888 pro-

287 3903 378 3956 cliens.

254 3989 332 4052 Jesu,
344 3999 444 4048 nostro
456 4001 584 4063 resectio.

254 4083 322 4134 Post
350 4085 481 4150 Petrum,
509 4095 643 4155 primum

282 4172 460 4237 principem.

693 411 839 471 ...10-

830 533 909 585 Deus
927 532 981 585 Dei
995 533 1134 585 Verbum.

830 623 920 674 Mater
932 622 1059 688 pietatis.

830 714 920 766 Meter
932 712 1096 768 Salvatoris.

831 801 989 869 Singularis
1003 803 1103 857 Meter.

829 895 898 953 Ave,
913 895 1006 944 murts
1018 894 1112 944 stello.

829 983 924 1044 ,eques
943 985 1040 1034 beatae
1062 980 1199 1044 Virpiuis.

832 1071 912 1122 'ruho
921 1070 1037 1123 Domini
1046 1068 1134 1122 Paule
1142 1069 1233 1120 mexi-

860 1173 921 1211 ma.

828 1251 933 1301 Doctor
958 1251 1079 1314 eprepie,
1096 1250 1198 1301 Paule.

829 1339 955 1392 Looerne
968 1337 1071 1405 posito.

828 1430 944 1482 Adorna
955 1429 1023 1480 sion
1046 1425 1214 1478 thalamum.

829 1514 1086 1582 Qutpauperuum
1096 1511 1229 1565 admonet

826 1605 964 1657 Parentes
979 1602 1126 1655 Christum
1142 1600 1220 1652 dese-

859 1695 940 1744 runt.

828 1782 928 1832 Omnis
940 1791 1029 1832 sexus
1039 1781 1067 1829 et
1076 1774 1221 1842 quaelibet

829 1874 955 1937 Apatuoe
970 1881 1072 1920 soorae
1081 1866 1217 1930 supinis.

827 1965 966 2029 Princeps
981 1961 1072 2027 epicis
1086 1955 1223 2022 apostoli-

860 2065 900 2103 οι.

827 2147 896 2195 Jom
910 2144 979 2194 boue
987 2143 1096 2203 postor,
1110 2137 1207 2188 Petre.

828 2231 974 2288 victimam
1009 2233 1125 2282 nostres
1162 2220 1217 2276 tibi

861 2319 971 2374 christe
984 2316 1089 2370 leudis.

828 2409 999 2476 Musterium
1012 2403 1168 2455 Ecclesiae.

830 2499 933 2550 Tristes
947 2496 1031 2546 eraut
1044 2486 1178 2554 apostoli.

830 2573 1225 2646 Atmiprophetuepropeuies

857 2672 920 2736 pia.

829 2761 1030 2826 Apostolorum
1044 2754 1151 2819 passio.

829 2845 966 2903 Johennie
980 2843 1128 2898 nativitas.

831 2939 918 3004 Hujus
931 2940 1024 2988 ortum
1044 2929 1192 2984 nuntians.

830 3027 921 3079 Senex
932 3021 1008 3073 huno
1022 3023 1050 3070 et
1071 3011 1192 3070 sterilis.

829 3112 871 3166 Ad
882 3108 1037 3178 perandum
1052 3104 1179 3158 nomino.

830 3197 998 3254 Peooetrioie
1008 3196 1110 3248 bsetoe
1119 3189 1220 3245 solem-

860 3288 958 3342 nites.

829 3369 1225 3443 Mopuuuosolutispoudium

829 3468 1027 3522 Poenitentum
1046 3471 1146 3513 severo
1160 3469 1222 3509 eoe-

859 3556 972 3626 reptio.

828 3646 1034 3711 Apostolorum
1052 3649 1222 3701 supparem.

828 3741 975 3791 suetorum
988 3732 1172 3786 memoriam.

827 3831 871 3882 'ro
883 3839 946 3895 queo
963 3835 1078 3889 coruom
1093 3818 1221 3872 edomas.

826 3917 967 3968 Praesens
980 3913 1040 3964 vite
1054 3907 1178 3961 suithes.

828 4008 978 4058 Justorum
992 4001 1157 4067 exsequiae.

825 4091 958 4159 sigulphi
968 4089 1103 4156 moneris
1115 4123 1124 4138 .

808 4183 947 4234 ·Soutum
959 4179 1038 4232 Deus
1049 4178 1187 4231 omnium.
