2992 5048
634 490 636 494 ‚
669 415 778 472 -ssr
796 445 831 458 -
938 459 940 461 ,

215 541 402 600 Anaelarlus
429 553 520 596 serm.
537 540 594 603 33„
610 539 790 610 dignitatem
804 542 950 607 vestram,
969 538 1123 595 lohannes
1136 539 1282 610 princeps

214 637 312 696 vestri
325 639 374 694 est
385 635 544 706 dogmatis.
554 637 624 706 Ipse
636 635 817 703 monachus,
832 633 934 691 statim
947 636 983 691 ut
992 637 1081 692 natus
1098 638 1156 703 est,
1169 635 1202 691 in
1217 649 1285 694 ere-

216 751 265 794 mo
279 735 368 802 vivit,
380 733 413 790 in
428 747 529 790 eramo
542 734 688 790 nutritur.
702 733 857 790 Christum
866 735 1019 802 exspectat
1029 733 1061 787 in
1075 733 1284 816 solitudine...

218 836 288 906 lpse
301 845 412 889 revera
424 845 537 900 onager
553 830 633 887 liber
646 830 716 900 fuit,
730 829 786 902 qui
801 830 837 886 ab
851 827 980 886 infantia
999 830 1097 901 ruptis
1114 831 1283 888 carnalium

218 933 413 992 affectionum
436 931 569 987 vinculis
595 931 763 1001 spretaque
778 928 866 985 domo
884 930 1047 999 parentum
1072 928 1110 985 ad
1123 928 1283 986 horridum

219 1030 315 1088 eremi
327 1029 483 1085 desertum
498 1041 531 1083 sa
555 1027 698 1093 contulit,
720 1039 782 1081 non
795 1025 918 1096 quidem
931 1028 967 1081 ut
984 1024 1067 1081 Elias
1080 1028 1163 1081 metu
1178 1040 1284 1095 perse·

221 1125 352 1181 cutionis
366 1126 488 1180 coaetus
519 1122 573 1179 sed
588 1121 794 1178 abstinentiae
819 1121 934 1176 virtute
966 1123 1164 1192 spontaneus.
1180 1121 1237 1188 Qui
1252 1121 1285 1177 in

221 1222 275 1279 illa
287 1221 463 1290 solitudine,
479 1234 570 1291 quam
585 1219 782 1288 salsugineos
798 1221 829 1273 et
851 1217 953 1275 aridae
979 1221 1080 1276 terrae
1103 1218 1282 1274 tabernacu-

222 1320 287 1376 lum
301 1317 436 1376 efficeret
446 1331 556 1389 eorpus
567 1331 669 1384 suurn,
679 1315 841 1385 evangelia
854 1315 966 1373 donent
980 1336 1006 1372 a.
1018 1315 1095 1372 Hine
1110 1315 1143 1371 in
1157 1316 1293 1386 hymno,-

224 1417 262 1476 (le
277 1431 337 1488 quo
352 1430 462 1488 supra:

394 1617 567 1685 Praepotens
579 1620 687 1682 martyr
700 1618 867 1677 eremique
879 1620 995 1675 cultor.

519 1705 645 1756 Maxime
656 1707 763 1757 ratum.

228 1927 290 1997 3,1.
304 1941 372 1999 sqq.
382 1927 444 1987 cn.
461 1930 532 1984 Luc.
547 1925 576 1998 3,
592 1927 636 1984 15.
652 1930 750 1984 «Tam
768 1927 849 1983 enim
864 1940 993 1995 magnus
1008 1928 1082 1995 erat,
1095 1927 1131 1982 ut
1143 1924 1281 1982 Christus

227 2027 333 2096 posset
345 2024 449 2098 putari
462 2043 491 2081 1.
505 2027 635 2094 August.
651 2025 672 2080 l.
689 2039 716 2081 o.
732 2038 762 2080 n.
778 2026 807 2080 2.
824 2041 837 2077 1
853 2024 883 2080 Si
894 2025 1087 2094 comparetur
1101 2022 1289 2092 hominibus,

229 2134 335 2178 omnes
350 2102 542 2203 superatille
566 2123 668 2193 homo,
692 2125 754 2179 non
780 2136 851 2179 eum
876 2121 972 2177 vineit
993 2121 1053 2177 nisi
1081 2122 1161 2177 Deus
1187 2120 1289 2177 homo.

229 2220 324 2275 Tanta
337 2218 370 2274 in
385 2232 421 2275 eo
435 2219 617 2276 excellentia
631 2222 709 2288 erat,
722 2222 808 2275 tanta
833 2218 940 2287 gratia,
954 2221 990 2275 ut
1003 2218 1071 2288 ipse
1095 2219 1221 2289 putatus
1247 2216 1287 2272 sit

229 2314 367 2373 Christus
383 2335 409 2371 ».
427 2316 511 2372 idem
525 2330 616 2373 serm.
630 2317 686 2372 289
699 2315 742 2389 (in
755 2318 824 2373 Nat.
837 2316 866 2371 6.
879 2316 946 2372 loh.
958 2318 989 2371 Β.
1006 2316 1044 2383 3.)
1061 2328 1091 2370 n.
1108 2317 1135 2371 5.

262 2411 378 2469 cxvn.
393 2442 430 2455 -
444 2413 477 2480 C,
492 2411 546 2469 fol.
562 2413 615 2470 160
628 2413 658 2468 h.
674 2442 711 2454 -
724 2411 911 2469 adnotanda:
930 2411 955 2480 1,
971 2411 997 2467 1.
1014 2412 1085 2467 Luo.
1104 2410 1129 2480 1,
1150 2411 1195 2466 76.
1213 2410 1290 2478 -2,

227 2508 253 2564 1.
265 2507 476 2579 loh.1‚8.Non
488 2512 558 2566 erat
573 2508 627 2564 itte
639 2511 700 2564 lue
713 2510 768 2563 sect
783 2510 819 2563 ut
826 2505 1043 2564 testimonium
1048 2505 1230 2576 perhiberet
1247 2507 1285 2561 de

228 2579 359 2662 lateatne.
373 2606 512 2667 Christus
526 2622 563 2665 ax
576 2608 715 2664 iohanne
730 2609 743 2663 1
748 2615 761 2677 ‚'
773 2608 797 2674 1,
812 2606 938 2663 verbum
951 2607 1059 2678 patris,
1068 2607 1223 2664 lohannes
1251 2620 1288 2662 ex

229 2702 270 2757 ls.
284 2703 329 2770 40,
343 2703 371 2770 3,
384 2704 492 2760 Matth.
508 2703 534 2773 3,
548 2703 576 2775 3,
590 2718 648 2761 nox
660 2703 821 2761 clamantis
838 2703 872 2759 in
892 2703 1014 2761 deserto
1030 2720 1037 2772 ;
1054 2704 1136 2761 unde
1153 2703 1289 2760 Adamas

231 2812 249 2856 a
262 2799 292 2856 S.
306 2799 431 2856 Victore
444 2814 452 2854 ι

511 3005 572 3056 Vox
588 3005 679 3068 praeit
693 3004 821 3056 verbum.

266 3224 353 3291 Quod
366 3238 403 3280 ex
418 3223 523 3282 subtili
536 3225 591 3281 illo
603 3238 638 3281 ae
653 3225 812 3283 notissimo
825 3225 989 3296 Augustini
1013 3239 1155 3284 sermone
1175 3225 1229 3282 288
1250 3224 1294 3296 (in

232 3323 295 3378 nat.
320 3322 445 3378 10113.
472 3322 501 3392 2)
530 3321 671 3378 hausisse
696 3322 852 3393 putandus
885 3326 942 3379 est.
968 3323 1026 3382 Ubi
1061 3328 1133 3395 post
1161 3325 1258 3382 multa
1284 3341 1292 3380 ε

235 3421 342 3476 «Eece
351 3417 417 3488 jam
431 3419 506 3488 seio,
524 3419 605 3490 quod
617 3420 689 3476 volo
705 3419 818 3486 dieere,
840 3421 931 3478 eorde
955 3424 1055 3492 teneo,
1084 3422 1289 3480 ministerium

232 3516 317 3572 vocis
330 3516 472 3587 inquiro;
488 3519 652 3588 antequam
665 3520 755 3573 sonat
779 3532 838 3574 vox
850 3517 887 3572 in·
904 3530 958 3574 ore
973 3531 1051 3586 meo,
1073 3517 1139 3588 jam
1167 3520 1292 3575 tenetur

228 3611 362 3669 ¹verbum
374 3612 406 3667 in
420 3612 512 3670 eorda
525 3626 603 3669 meo.
614 3613 786 3670 Praecessit
800 3628 872 3683 argo
898 3614 1028 3671 verbum
1051 3629 1160 3673 vocem
1187 3629 1286 3672 meam

232 3711 264 3766 et
277 3708 310 3765 in
324 3722 373 3765 me
387 3710 474 3780 prius
489 3712 536 3765 est
557 3709 697 3780 verbum,
722 3711 876 3782 posterior
902 3725 971 3768 vox.
985 3712 1031 3769 Ad
1056 3715 1087 3768 te
1114 3716 1226 3782 autem,
1254 3715 1291 3769 ui

227 3803 398 3874 intelligas,
413 3805 500 3875 prior
512 3805 599 3861 venit
617 3820 677 3862 vox
701 3807 769 3863 auri
791 3810 872 3874 tuae,
900 3810 936 3864 ut
963 3808 1092 3866 verbum
1118 3809 1293 3865 insinuetur

232 3902 328 3958 menti
341 3905 422 3959 tuae.
435 3906 535 3959 Nosse
548 3903 630 3960 enim
644 3917 707 3960 non
720 3908 839 3976 posses,
863 3905 945 3977 quod
970 3905 1003 3962 in
1018 3919 1066 3962 me
1093 3906 1194 3964 morat
1222 3908 1293 3963 ante

231 4000 620 4071 vocem,nisiintefuerit
638 4006 710 4073 post
733 4017 851 4060 rocem.
878 4006 958 4073 Ergo
987 4004 1014 4061 si
1038 4018 1099 4062 vox
1125 4005 1291 4075 lohannes,

232 4098 361 4155 verbum
374 4099 515 4157 Christus
530 4116 537 4155 ε
559 4102 630 4157 ante
645 4101 815 4158 iohannem
826 4101 978 4170 Christus,
1004 4102 1059 4159 sad
1073 4101 1156 4173 apud
1179 4105 1293 4169 Deum;

234 4197 303 4268 post
315 4196 485 4254 iohannem
495 4197 646 4269 Christus,
660 4197 715 4255 sed
725 4197 806 4269 apud
820 4210 875 4254 nos
897 4215 921 4253 1.
937 4229 972 4240 -
994 4199 1065 4267 3,1.
1082 4201 1164 4256 liaeo
1184 4198 1296 4256 hausta

235 4308 272 4351 ax
283 4294 395 4364 hymno
409 4295 507 4352 Paulo
520 4286 653 4354 Diacono
667 4295 801 4354 tributo:
