2992 5048
666 395 827 455 -133..

215 519 370 585 latronum
388 519 421 587 B,
430 517 468 575 ad
480 516 568 588 cujus
579 517 672 577 tidem
686 520 779 578 Pitra.
791 521 967 591 legendum
975 524 1078 579 tamen
1098 521 1174 580 Vite.
1185 554 1222 568 -
1233 527 1278 597 10,

215 617 244 684 2,
256 629 335 687 quae
354 615 443 686 quasi
464 629 543 672 nave
558 615 688 676 fruendo
702 618 777 688 vita,
793 622 827 684 B;
849 619 932 677 Pitra
946 620 1047 676 locum
1062 622 1236 680 emendavit
1249 624 1283 681 in

216 713 298 769 huno
311 712 457 770 modum:
476 712 535 775 Qui
546 713 640 785 quasi
660 729 743 772 nave
755 715 883 784 fruitur
896 715 979 783 vito;
994 718 1049 775 sed
1064 717 1139 776 haec
1153 720 1279 792 probari

217 813 384 883 nequeunt.
395 813 462 867 Non
476 812 558 867 enim
575 812 640 868 vita
657 814 815 885 tamquam
836 827 915 869 nave
928 814 1054 886 utimur,
1067 816 1131 884 sed,
1149 817 1281 875 simodo

215 911 328 980 patres,
346 909 372 965 si
385 910 502 979 poetas,
517 909 543 964 si
557 910 698 980 liturgias
712 911 973 991 consuluerimus,
990 921 1100 970 navem
1119 928 1180 985 qua
1192 917 1276 972 vitae

216 1006 313 1063 maria
331 1005 556 1063 transfretanda
573 1010 655 1077 sunt,
671 1021 794 1065 crucem
812 1022 891 1079 esse,
908 1009 1110 1067 inveniemus.
1130 1015 1171 1069 lie
1186 1027 1277 1070 cruce

218 1118 278 1161 seu·
287 1105 325 1162 de
339 1103 423 1174 ligno
436 1103 518 1160 vitae
533 1104 564 1159 in
578 1104 627 1173 iis,
643 1120 723 1177 qnae
737 1105 875 1177 proxime
887 1106 1085 1178 praecedunt,
1100 1123 1202 1166 sermo
1220 1115 1277 1182 est,

218 1207 261 1262 ita
273 1207 318 1272 ut,
331 1202 493 1260 dummodo
505 1217 628 1274 proque
642 1200 811 1276 legerimus
827 1217 902 1275 qua,
919 1218 1028 1262 sensus
1045 1207 1086 1263 sit
1102 1211 1186 1275 :Qua
1198 1209 1228 1281 (i.
1246 1224 1275 1268 e.

219 1304 320 1372 cruce)
336 1301 424 1374 quasi
433 1316 516 1359 nave
530 1301 660 1381 fruendo
680 1303 745 1359 vita
758 1303 789 1375 (i.
806 1318 833 1359 e.
850 1303 883 1360 in
907 1306 964 1362 hac
977 1305 1051 1377 vita)
1070 1306 1154 1365 felici
1167 1314 1279 1369 nautae

218 1413 276 1473 per
288 1411 372 1455 mare
388 1411 531 1467 magnum
550 1387 758 1466 navigandum
776 1401 833 1455 est.
858 1399 903 1455 lta
914 1402 949 1456 et
975 1401 1161 1459 commodius
1176 1409 1285 1463 cuncta

221 1493 462 1565 interpretantur
472 1492 654 1562 etamajore
667 1493 769 1548 textus
780 1493 992 1551 emendatione
1003 1495 1155 1554 abstinere
1165 1499 1246 1556 licet.

254 1587 425 1649 Adnotanda
436 1591 495 1645 :De
509 1602 600 1645 cruce
614 1589 736 1659 hymnis
751 1603 884 1660 sequens
898 1604 1059 1649 commune
1073 1596 1120 1649 est
1132 1596 1262 1650 metrum
1276 1611 1285 1653 ε

571 1752 817 1803 ---ι-α

751 1873 819 1932 ἠῶ

749 1991 811 2038 -6

618 2122 685 2133 --
751 2084 816 2151 -o

748 2198 814 2265 -o

753 2334 827 2380 -00

259 2485 294 2540 ln
305 2482 366 2540 fine
385 2481 489 2553 hymni
503 2480 616 2550 legitur
631 2496 638 2535 τ
654 2480 803 2537 Personis
813 2480 912 2550 trino,
929 2482 1012 2553 quod
1026 2482 1149 2541 initium
1161 2483 1284 2543 doxolo-

221 2581 288 2650 giae
314 2583 370 2650 est,
392 2593 470 2651 quae
489 2579 567 2648 proh
582 2577 668 2635 dolor
686 2591 839 2648 nusquam
858 2578 979 2648 integra
991 2581 1157 2651 reperitur.
1177 2585 1285 2654 Neque

219 2678 285 2733 sola
299 2676 456 2745 doxoloqia
470 2674 559 2732 nobis
579 2674 718 2745 deperiit,
733 2674 882 2731 sedunus
897 2676 1058 2734 minimum
1072 2678 1215 2748 hymnus.
1237 2680 1288 2735 ln-

219 2787 320 2831 seram
331 2788 409 2845 quae
418 2772 635 2830 heneadvertit
648 2772 731 2829 Pitra
741 2773 773 2827 in
789 2773 880 2843 notis,
895 2787 972 2844 quas
987 2774 1059 2830 huic
1073 2775 1141 2832 loco
1160 2776 1287 2847 adspe'r-

220 2873 260 2928 sit
275 2889 283 2930 :
298 2890 312 2925 ‹
327 2873 370 2928 Ex
381 2871 440 2941 his,
455 2870 565 2942 inquit,
581 2884 660 2941 quae
678 2870 711 2925 in
730 2870 858 2940 prologo
874 2870 1051 2928 adientium
1065 2872 1206 2930 libellum
1219 2886 1285 2931 mo·

217 2972 269 3027 net
289 2969 485 3037 Abaelardns,
512 2965 712 3024 manifestum
731 2969 789 3037 est,
811 2968 948 3039 quinque
974 2968 1011 3024 ab
1035 2983 1071 3025 eo
1093 2969 1282 3041 conscriptos

215 3068 311 3124 tuisse
325 3068 363 3125 de
377 3081 467 3124 cruce
487 3067 628 3135 hymnos,
644 3078 751 3133 unum,
768 3079 828 3135 quo
851 3064 1012 3121 invitatur
1032 3064 1190 3122 diaconus
1211 3080 1285 3122 cru·

217 3179 284 3220 cem
302 3167 339 3220 cic
358 3162 460 3221 altari
473 3164 583 3219 tollere
605 3164 634 3216 et
648 3159 684 3216 in
697 3159 803 3217 medio
818 3158 912 3217 chori
934 3160 1062 3229 afferre,
1083 3163 1147 3217 tres
1165 3160 1204 3219 ad
1223 3162 1284 3219 tria

215 3264 370 3318 Nocturna
383 3263 413 3318 et
425 3260 566 3332 quintum
582 3259 620 3316 ad
633 3257 760 3314 Laudes.
776 3258 953 3314 certissime
968 3257 1054 3315 deest
1067 3258 1185 3328 primus
1195 3259 1283 3329 hym-

216 3373 294 3428 nus;
308 3373 378 3416 nam
389 3356 567 3427 doxologiao
581 3354 866 3414 dumtaxatinitium
881 3354 1027 3412 scribitur
1042 3353 1185 3413 adfinem
1197 3355 1283 3426 hym-

216 3471 334 3527 norum,
355 3457 407 3528 qui
434 3456 610 3526 supersunt.
626 3457 774 3510 Asserere
788 3467 849 3510 non
863 3453 972 3522 ausim,
990 3454 1138 3524 hymnum
1154 3454 1192 3512 ad
1205 3457 1285 3511 Noc·

214 3553 598 3619 turnumlautlldeesse;
619 3551 711 3607 immo
737 3549 868 3607 arbitror
876 3565 912 3606 ex
922 3551 1041 3608 duobus
1052 3551 1174 3621 hymnis
1185 3563 1284 3607 unum

215 3649 378 3706 conflatum
395 3647 493 3706 tuisse
512 3662 530 3704 a
543 3647 682 3704 librario.
702 3630 795 3703 certe
813 3648 906 3703 soloe
921 3645 1051 3703 coelestis
1066 3646 1222 3702 senilium
1234 3661 1284 3702 re·

215 3745 262 3815 pis
275 3744 475 3814 etc.‚videtur
489 3759 559 3802 esse
569 3743 727 3801 exordium
740 3742 853 3814 reliqui
861 3744 1011 3816 poematis
1028 3747 1059 3801 et
1072 3744 1162 3801 facile
1173 3742 1283 3801 dividi-

213 3844 265 3899 tur
277 3845 349 3914 post
361 3843 457 3900 verba
472 3845 544 3900 :Est
553 3842 702 3912 reziyoto.
717 3844 870 3899 Memento
885 3843 1033 3910 hymnum
1048 3846 1146 3900 XXVI
1176 3843 1284 3902 simili·

214 3942 262 3996 ter
272 3954 309 3996 ex
322 3940 441 3998 duobus
451 3940 622 4012 coniunctis
632 3940 754 4010 hymnis
768 3942 916 3996 constare.
925 3940 1090 3997 Hictamen
1101 3939 1283 4014 aliquantis·

214 4051 271 4106 per
282 4037 382 4095 obstat
388 4038 472 4095 tertii
482 4052 593 4095 versus
606 4051 664 4109 per
671 4039 769 4093 totum
784 4037 931 4106 hymnum
945 4037 1053 4094 eadem
1068 4037 1249 4095 desinentia.
1265 4055 1278 4089 s

251 4136 403 4204 Hymnum
417 4134 499 4190 hunc
514 4132 606 4189 LXVI
626 4146 662 4188 ex
678 4132 796 4190 duobus
811 4132 975 4189 conflatum
989 4148 1058 4190 esse
1079 4132 1187 4190 suadet
1200 4134 1284 4188 stro-

215 4231 344 4303 pharum
356 4245 514 4300 numerus,
530 4229 663 4301 quicum
675 4229 793 4287 duobus
805 4229 1003 4301 sequentihus
1017 4230 1140 4301 hymnis
1157 4243 1281 4301 compa-
