2992 5048
668 401 832 456 ..265-

249 520 429 578 LXXXVII.
450 522 472 576 Β
486 517 543 576 iol.
558 520 594 576 92
609 520 646 589 b3
665 522 758 580 ciol.
776 524 831 580 209
846 538 876 579 a.
895 553 931 564 -·
943 521 1260 580 Lectionesveriantes
1278 540 1287 579 ι

215 622 242 690 1,
256 621 284 677 2.
301 619 407 675 celsas
419 617 524 688 modo,
535 620 568 673 Β.
579 621 653 687 -2,
669 620 951 690 i.Sires,B;ialsam
961 621 1082 678 literam
1094 620 1288 697 adpingendo

215 714 333 772 erravit
345 712 528 770 rubricator.
544 741 581 756 -
592 717 621 784 2,
636 715 663 783 3,
675 714 787 786 subigi,
803 717 836 773 G.

251 809 436 895 idnotandaz
448 811 478 880 2,
495 811 508 867 1
522 825 589 883 sqq.
605 811 841 869 Circumlooutlo
856 813 915 869 ista
934 815 1007 869 sunt
1019 811 1186 869 verborum
1215 807 1288 885 apo-

219 908 291 966 stoli
303 907 328 979 (i
345 909 415 976 Gor,
432 907 459 977 1,
473 904 540 980 io):
560 906 664 964 Videte
677 907 880 966 vocatiouem
893 913 1043 977 oestrum,
1060 908 1191 978 fratres,
1208 907 1287 979 quie

219 1018 288 1062 ιιοιι
299 1002 397 1060 turriti
410 1002 566 1073 sepientes
580 1007 760 1062 secuudum
780 1018 924 1075 carnem,
941 1019 1009 1062 uou
1021 987 1115 1061 mutii
1129 1008 1286 1074 poteuics,

219 1115 288 1158 nou
302 1099 400 1156 mulii
413 1099 533 1157 nobiles
545 1103 600 1156 sed
612 1105 712 1159 stultu
726 1100 844 1157 muudi
855 1101 945 1171 etegit
963 1105 1058 1173 Deus,
1080 1104 1117 1156 ut
1144 1101 1285 1169 confuu-

220 1201 278 1256 det
289 1197 457 1268 sapientes,
473 1202 501 1253 et
519 1197 655 1270 infirma
678 1198 797 1255 mundi
821 1198 912 1269 clepit
937 1202 1031 1269 Deus,
1047 1202 1083 1254 ut
1102 1199 1287 1267 confundet

219 1295 332 1366 sorite.
348 1298 391 1353 De
404 1294 515 1368 quibus
529 1294 633 1352 verbis
650 1295 808 1353 disserens
831 1295 1040 1366 Augustinus:
1055 1311 1070 1348 ι
1086 1293 1188 1363 ulegtt
1211 1307 1285 1362 ergo

220 1394 368 1451 Dominus
381 1396 490 1466 postea
503 1397 534 1461 et
546 1397 694 1465 oratores,
705 1393 760 1452 sed
774 1393 821 1450 illi
835 1395 1044 1466 superbirent,
1060 1393 1086 1450 si
1113 1406 1176 1450 non
1194 1393 1283 1465 prius

221 1491 350 1560 eligeret
371 1491 557 1562 piscatores;
573 1491 667 1560 elegit
688 1490 811 1562 divites,
828 1492 884 1549 sed
908 1492 1054 1558 dicerent,
1073 1490 1182 1547 merito
1206 1489 1282 1547 divi-

220 1589 334 1645 tiarum
348 1602 475 1644 suarum
490 1602 524 1645 se
538 1589 652 1645 electos
666 1605 746 1664 esse,
757 1591 817 1648 nisi
828 1592 928 1663 primo
950 1591 1097 1660 elegisset
1119 1601 1290 1660 pauperem

219 1684 316 1754 elegit
333 1685 535 1756 imperatores
562 1688 680 1758 postea,
709 1688 764 1746 sed
790 1689 901 1746 melius
926 1691 985 1758 est,
998 1690 1034 1762 ut
1059 1690 1186 1745 Romam
1215 1697 1284 1741 cum

221 1780 345 1838 venerit
361 1783 528 1853 imperator
554 1782 691 1854 deposito
720 1784 890 1842 diademate
913 1785 1016 1856 ploret
1045 1783 1084 1841 ad
1110 1781 1289 1839 memoriam

222 1879 385 1951 piscatoris
407 1893 500 1951 quam
520 1883 556 1936 ut
568 1881 704 1952 piscator
716 1883 818 1953 ploret
829 1883 867 1939 ad
888 1881 1066 1938 memoriam
1080 1880 1288 1952 imperatoris.

225 1977 349 2034 Infirma
363 1977 446 2034 enim
460 1977 566 2034 mundi
579 1965 672 2048 elegit
685 1982 777 2050 Deus,
792 1983 828 2037 ut
848 1977 1014 2036 confundat
1030 1977 1121 2035 sortia
1135 1993 1162 2031 ι.
1178 1977 1285 2033 Enarr.

224 2073 257 2129 in
272 2076 325 2131 Ps.
344 2074 390 2144 65,
406 2087 436 2129 n.
458 2073 486 2128 1.
1193 2057 1198 2067 “

260 2172 495 2240 LXXXVIII.B,
508 2171 561 2228 iol.
574 2171 659 2239 92b;
674 2175 706 2241 (1,
722 2174 774 2230 iol.
790 2174 880 2230 ibba.
897 2172 1101 2230 —bectiones
1116 2168 1291 2227 variantes:

226 2269 255 2337 2,
270 2268 299 2337 3,
314 2265 382 2336 epis
396 2267 492 2336 deest,
508 2269 763 2339 B;supp1everat
778 2270 862 2326 Pitra
880 2273 976 2327 vaiet.
991 2297 1029 2310 -
1040 2268 1220 2325 idnotante:
1237 2267 1289 2336 i,i

229 2378 296 2436 sqq.
312 2363 399 2432 Vide,
414 2377 493 2436 quae
507 2363 597 2420 modo
613 2379 650 2421 ex
674 2367 770 2424 Paulo
786 2370 818 2422 et
843 2366 1015 2437 Augustino
1031 2365 1212 2432 attulimus;
1242 2363 1293 2420 cui

223 2460 352 2518 addatur
366 2460 444 2517 illud
455 2461 543 2518 Pauli
555 2461 580 2534 (1
597 2463 665 2520 Gor.
681 2464 710 2532 2,
724 2465 741 2518 4
757 2463 822 2534 sqls
837 2455 1097 2520 reseruemus
1112 2466 1141 2518 et
1154 2460 1292 2532 praecii·

223 2557 308 2616 cutio
323 2571 395 2615 meu
407 2572 475 2615 ιιοιι
485 2558 520 2614 iu
530 2559 796 2628 persuasibilibus
819 2561 987 2619 humanae
1015 2557 1196 2630 sapientiae
1223 2571 1293 2613 oer-

225 2656 303 2713 bis...
318 2661 354 2712 ut
373 2646 454 2729 fides
472 2662 578 2716 oestro
592 2673 660 2716 uon
670 2659 710 2714 sit
722 2657 758 2714 iu
768 2656 1035 2728 persuasibilibus
1048 2657 1218 2712 humanae
1234 2666 1289 2709 se-

219 2754 363 2829 pientiae
376 2756 476 2812 verbis
489 2758 542 2812 sed
557 2757 593 2813 iu
605 2757 721 2813 uirtute
731 2757 799 2814 Dei.
815 2787 850 2798 -
861 2753 919 2825 3,1
937 2770 1005 2827 sqq.
1019 2754 1219 2812 Etbnicorum
1233 2765 1291 2809 seu

223 2852 475 2927 philosophorum
487 2853 613 2910 nomina
631 2868 687 2911 seu
703 2868 813 2924 regum
833 2852 987 2922 liturgicis
1007 2850 1128 2922 hymnis
1151 2849 1291 2905 inseren-

224 2952 271 3006 tes
283 2964 343 3006 non
357 2952 469 3022 paucos
483 2951 577 3007 medii
590 2952 659 3008 aevi
670 2951 919 3022 hymnographos
934 2949 1116 3020 reperimus
1133 2950 1173 3006 Ut
1192 2958 1290 3002 unum

225 3048 343 3105 tantum
352 3049 525 3118 exemplum
540 3049 677 3117 afferam,
693 3047 816 3106 celebre
830 3047 909 3104 illud
920 3061 955 3103 ae
966 3045 1099 3114 lugubre
1118 3055 1242 3100 carmen
1257 3040 1296 3097 de

225 3143 333 3200 ultimo
360 3142 496 3214 iudicio:
521 3143 610 3200 Audi
634 3143 837 3210 eliescurte·
856 3141 972 3213 rrcapui
990 3140 1094 3198 trieris
1119 3139 1236 3196 litoius
1262 3137 1295 3193 in

226 3236 369 3298 Graduali
398 3240 606 3311 manuscripto
633 3240 765 3311 Capituli
794 3237 1081 3307 (tranenburgensis
1108 3248 1189 3292 anno
1219 3234 1289 3290 1340

228 3339 349 3394 exarato
367 3336 442 3392 haec
456 3335 567 3392 babet:

510 3510 567 3563 Ubi
577 3509 667 3569 Plato,
682 3508 732 3560 ubi
748 3508 938 3574 Porphyrius,

508 3598 565 3652 Ubi
578 3597 690 3650 Tullius
707 3600 735 3649 et
748 3596 911 3663 Virgilius?

509 3688 566 3741 Ubi
583 3687 695 3749 Thales,
710 3686 762 3737 ubi
775 3684 964 3750 Empedocles

509 3777 566 3827 Aut
580 3777 713 3841 egregius
724 3773 920 3826 Aristoteles?
1011 3833 1013 3841 Ι

267 3967 357 4036 Haec,
368 3965 426 4022 etsi
439 3964 659 4036 inantiquiore
669 3962 767 4034 ipsius
778 3962 921 4019 carminis
940 3961 1049 4029 forma,
1067 3971 1160 4032 quam
1179 3956 1288 4013 videas

233 4065 313 4135 apud
326 4065 435 4121 Paulin
449 4065 542 4121 Blanc
554 4063 587 4118 in
599 4061 677 4119 libro
699 4062 804 4130 (Prose
831 4059 868 4116 de
884 4058 1081 4131 Montpellier
1095 4072 1135 4114 ou
1145 4056 1241 4112 ebant
1258 4052 1301 4110 du

233 4160 445 4248 dernierjour,
459 4165 557 4235 Paris,
574 4163 653 4233 1863)
667 4174 728 4217 non
744 4159 951 4232 reperiantur,
977 4173 1039 4216 non
1051 4158 1163 4216 desunt
1189 4156 1298 4210 tamen

236 4259 348 4317 similia
359 4276 390 4317 r.
406 4276 435 4331 g.
