2992 5048
651 427 795 482 ..86-

194 568 221 608 c.
237 552 264 607 1.
283 567 297 599 «
307 546 479 616 allegorice
492 549 592 604 autem
603 549 779 619 producunt
792 560 890 618 aquae
900 545 1024 616 reptilia
1034 544 1266 603 animarumvi·

195 662 316 718 varum,
338 646 477 704 homines
500 645 616 703 scilicet
635 650 801 704 renovatos
814 644 847 702 in
862 645 956 702 vitam
973 657 1030 715 per
1049 644 1194 716 baptismi
1209 658 1258 702 sa-

196 747 394 803 cramentum.
405 746 493 816 Facta
507 747 580 800 sunt
598 746 630 799 et
641 744 781 801 volatilia
795 745 919 808 sanctae
934 741 1053 799 animae
1069 742 1107 799 ad
1122 756 1259 814 superna

196 842 337 897 volantes
358 857 387 896 i.

233 939 344 994 XXVI.
361 939 393 1006 B,
408 936 463 993 fol.
489 936 559 993 86a.
576 963 612 975 -
639 935 794 993 Lectiones
815 934 967 992 vadantes
980 954 988 993 ε
1002 938 1031 1006 2,
1045 938 1073 992 2.
1103 937 1260 994 Bonorum

198 1037 245 1090 est
256 1034 401 1104 omnium,
417 1036 455 1099 Bt
469 1033 518 1090 cni
532 1032 616 1090 addit
627 1033 712 1089 Pitra
721 1049 727 1088 :
737 1052 750 1087 c
760 1032 955 1090 Clarissimus
965 1034 1014 1089 vir
1027 1034 1141 1091 cousin
1153 1037 1262 1091 censet

197 1129 441 1188 delendnmesse
459 1133 520 1194 est;
536 1143 646 1186 verum
659 1128 707 1185 bis
734 1129 806 1186 alibi
835 1142 958 1201 quoque
986 1128 1110 1186 eliditur
1140 1131 1264 1200 syllaba·

197 1228 304 1285 ultima
322 1241 379 1282 am
398 1245 428 1283 a.
458 1227 515 1284 Sed
529 1226 579 1283 hic
593 1241 683 1284 error
706 1231 763 1284 est.
777 1227 884 1284 Nescit
896 1227 1083 1285 Abaelardus
1098 1227 1261 1285 elisionem

197 1338 419 1396 censemusque
431 1338 501 1381 cum
511 1324 625 1389 cousin
640 1324 805 1382 delendum
815 1337 884 1380 esse
893 1328 946 1381 est.

231 1421 419 1479 adnotanda:
433 1420 550 1492 ridjicio
560 1422 705 1493 primum,
726 1436 806 1494 quae
821 1420 860 1479 ad
882 1435 948 1478 rem
961 1421 1050 1479 ailert
1067 1407 1259 1481 abaelardus

198 1517 230 1574 in
244 1520 451 1575 Hexaemeron
467 1535 504 1572 :c
525 1519 614 1575 Sexta
636 1521 735 1576 aetate
751 1519 841 1575 homo
867 1521 1034 1576 renovatus
1053 1519 1086 1574 in
1112 1518 1257 1590 paradiso

198 1613 375 1682 collocatur,
387 1603 459 1684 quia
468 1616 538 1687 post
547 1612 723 1684 passionem
738 1614 859 1671 Domini
871 1615 990 1670 tantum
1003 1613 1103 1671 aditus
1114 1615 1258 1672 coelestis

198 1707 372 1765 hominibus
386 1709 494 1781 patuit,
521 1713 557 1766 ut
578 1709 678 1779 primo
698 1710 861 1767 Sabbatum
874 1709 906 1766 in
935 1711 1045 1779 anima,
1061 1711 1259 1782 postmodum

199 1806 337 1860 octavam
350 1804 384 1859 in
397 1818 525 1875 corpore
535 1805 628 1862 simul
642 1810 673 1862 et
686 1807 786 1863 anima
809 1807 956 1872 celebret.
972 1807 1059 1866 Unde
1086 1811 1118 1864 et
1144 1809 1261 1868 latroni

200 1901 314 1958 dictum
337 1905 384 1959 est
408 1919 415 1958 :
438 1902 541 1960 Hodie
569 1918 695 1960 mecam
719 1905 781 1961 eris
799 1905 835 1961 ia
846 1906 1007 1974 paradiso
1027 1907 1110 1978 (Luc.
1125 1908 1173 1976 23,
1201 1909 1261 1980 43),

200 1998 282 2080 utin
305 1999 362 2055 bac
387 2002 485 2056 aetate
511 2004 630 2058 tantum
655 2002 775 2059 coelum
800 1996 974 2061 bominibus
991 2005 1098 2076 patere
1119 2005 1261 2063 ostende·

201 2099 249 2153 ret
264 2113 293 2154 a.
309 2097 453 2154 -Paulo
471 2097 572 2155 insius
587 2099 694 2156 eadem
706 2103 871 2157 recurrunt
886 2100 967 2171 apud
988 2101 1119 2159 Bedam:
1145 2122 1158 2156 s
1174 2105 1263 2161 Sexto

204 2192 254 2250 die
278 2195 363 2248 terra
381 2191 532 2262 jumento,
559 2194 673 2252 bestias
702 2200 733 2252 et
761 2197 885 2268 reptilia
902 2197 1056 2269 produxit,
1085 2212 1143 2271 quo
1171 2177 1265 2257 etiam

202 2290 251 2348 die
266 2291 383 2348 crearit
395 2294 475 2348 lleus
500 2292 654 2350 hominem
667 2293 801 2365 primum
820 2294 915 2351 Adam
944 2295 981 2352 ad
995 2295 1159 2366 imaginem
1176 2311 1265 2354 suam

203 2402 238 2444 ac
262 2386 301 2443 de
318 2389 415 2444 latere
438 2387 504 2458 ejus
532 2389 711 2448 dormientis
733 2390 877 2448 feminam
905 2392 1020 2448 creavit
1045 2395 1157 2461 Evam3
1180 2397 1267 2450 sexta

204 2487 304 2541 aetate
326 2485 443 2542 saeculi
460 2485 540 2542 inter
554 2488 667 2544 multos
689 2487 847 2559 reprobos,
864 2489 917 2559 qui
938 2489 1046 2546 merito
1066 2490 1262 2561 serpentibus

204 2582 375 2653 comparari
410 2586 552 2654 poterant
579 2599 614 2640 ac
640 2585 757 2654 bestiis,
789 2588 917 2657 propter
943 2586 1100 2644 saevitiam
1133 2587 1263 2657 scilicet,

205 2679 236 2732 et
260 2677 333 2746 quia
355 2681 418 2735 toto
440 2681 540 2736 animo
565 2681 765 2738 terrestribus
789 2681 950 2738 inhaerere
970 2682 1052 2739 curis
1078 2683 1130 2738 vel
1157 2682 1263 2739 illece-

204 2772 269 2829 bris
282 2775 346 2832 nati
362 2779 450 2846 sunt;
466 2780 497 2834 et
519 2777 617 2834 sancti
631 2777 663 2834 in
687 2779 740 2835 Dei
754 2779 844 2849 plebe
861 2779 1034 2851 perplures,
1047 2779 1099 2850 qui
1121 2778 1161 2835 ad
1176 2779 1260 2836 simi·

204 2869 366 2929 litudinem
381 2874 565 2931 mundorum
578 2875 753 2932 animalium
765 2875 896 2931 verbum
907 2873 959 2931 Dei
972 2876 1140 2945 ruminare,
1161 2888 1267 2944 ungu·

204 2970 266 3025 lam
276 2966 470 3027 discretionis
480 2972 512 3027 in
525 2971 576 3026 via
588 2971 796 3027 tenerebonae
810 2970 1005 3041 operationis,
1017 2970 1127 3040 jugum
1138 2970 1262 3027 divinae

203 3065 421 3137 legisportare
435 3069 465 3122 et
482 3067 520 3124 de
533 3067 701 3123 velleribus
713 3080 789 3138 opus
803 3079 894 3123 suum
908 3065 1074 3122 calefacere
1095 3069 1263 3142 noverunt,

206 3176 338 3233 quorum
353 3161 386 3217 in
405 3163 564 3233 evangelio
589 3166 789 3233 utrorumque
817 3162 930 3218 mentio
958 3165 1005 3219 est
1031 3162 1160 3225 idonea..
1181 3162 1264 3218 inter

205 3270 285 3328 quos
299 3257 452 3314 secundus
464 3256 570 3326 Adam,
596 3257 742 3314 mediator
755 3258 808 3314 Dei
821 3256 965 3313 videlicet
989 3259 1020 3312 et
1046 3253 1215 3325 hominum,
1229 3255 1263 3311 in

206 3367 267 3425 quo
280 3356 345 3410 tota
365 3353 524 3425 plenitudo
539 3357 605 3410 erat
617 3354 757 3423 imaginis
767 3353 831 3422 Dei,
845 3353 878 3408 in
892 3353 1004 3410 mundo
1019 3353 1164 3425 apparuit
1182 3352 1264 3410 etde

204 3450 379 3524 latereejus
392 3451 425 3507 in
438 3465 529 3509 cruce
538 3451 715 3508 dormientis
729 3451 823 3507 exivit
836 3451 961 3520 sanguis
976 3455 1006 3508 et
1019 3465 1115 3522 aqua,
1126 3450 1171 3508 de
1197 3450 1266 3522 qui-

204 3549 263 3607 bus
278 3551 476 3606 sacramentis
492 3549 627 3605 nascitur
635 3552 665 3605 et
680 3548 814 3605 nutritur
831 3548 977 3614 Ecclesia,
996 3562 1084 3619 quae·
1098 3551 1146 3604 est
1167 3550 1266 3603 mater

206 3646 344 3702 omnium
355 3659 413 3716 per
432 3645 536 3709 orbem
557 3658 632 3701 vera
651 3644 715 3700 vita
733 3644 914 3714 viventium,
944 3643 1025 3715 quod
1047 3647 1131 3700 Evae
1151 3656 1265 3699 nomen

205 3747 304 3800 sonat.
316 3743 404 3803 Unde
422 3743 460 3800 de
473 3741 582 3799 iisdem
598 3740 795 3798 sacramentis
817 3740 891 3797 dicit
909 3741 975 3811 ipse
1001 3740 1168 3797 Dominus:
1201 3736 1263 3802 ilai

206 3841 365 3898 maducat
378 3853 484 3896 meam
508 3851 641 3895 caraem
665 3841 694 3893 et
722 3836 796 3893 bibit
814 3851 924 3892 meam
937 3835 1142 3907 sanquinem,
1170 3835 1265 3891 habet

204 3938 307 3996 vitam
323 3943 492 3996 micenam
505 3937 583 4012 (ioh.
601 3936 628 4004 6,
644 3937 704 4003 55).
722 3935 816 4005 Cuius
830 3934 892 3992 diei
912 3948 1076 4006 vesperam
1090 3932 1156 4004 jam
1183 3946 1266 3989 nunc

204 4038 454 4110 appropinquare
467 4035 631 4100 cernimus,
658 4048 727 4090 cum
748 4033 923 4091 abundante
933 4047 990 4104 per
1018 4031 1121 4090 omnia
1148 4030 1263 4103 iniqui·

204 4139 267 4193 tate
280 4136 455 4207 refrigescit
471 4135 581 4194 caritas
591 4137 765 4193 multorum.
781 4131 933 4189 Adveniet
954 4134 1055 4187 autem
1067 4129 1164 4186 multo
1178 4132 1268 4185 tene-

205 4234 326 4293 brosior
340 4235 547 4305 asteriscum
562 4238 727 4307 apparente
735 4232 859 4290 bomine
867 4230 994 4302 peccati,
1007 4228 1071 4285 filio
1080 4226 1266 4300 iniquitatis,
