2992 5048
669 416 830 472 -rsu-

216 535 328 593 Caesar
342 532 522 604 composuit,
538 538 629 592 natus
644 539 693 592 est
706 537 858 595 Christus,
874 535 963 606 eujus
986 535 1131 592 adventui
1148 551 1207 607 pax
1225 538 1285 595 ista

215 631 363 688 famulata
376 633 434 699 est,
449 629 482 684 in
496 629 584 700 eujus
611 636 683 689 ortu
697 631 893 690 audientibus
908 631 1080 688 bominibus
1096 634 1286 690 exsultantes

217 728 319 798 angeli
334 727 528 784 cecinerunt:
548 730 653 787 Gloria
666 731 700 788 in
713 731 843 789 excelsis
854 732 915 786 Deo
935 732 966 785 61
976 729 1008 785 in
1019 732 1102 786 terra
1113 743 1172 800 pax
1188 731 1286 790 bomi-

217 822 424 885 nibus‘bonae
444 829 612 886 voluntatis
639 848 664 888 s.
685 831 770 888 idem
791 829 914 887 ibidem.
942 828 1058 899 Adjieio
1080 842 1116 885 ex
1140 831 1286 888 Sermone

216 923 375 980 Ambrosio
392 924 464 981 olim
488 926 642 998 adscripto
659 944 666 982 :
683 929 785 984 lanus-
800 927 882 983 enim
903 926 993 982 homo
1014 925 1083 995 fuit,
1097 925 1190 982 unius
1214 941 1287 983 eon.

218 1020 299 1078 ditor
311 1021 456 1091 civitatis,
472 1037 552 1092 quae
568 1024 746 1081 ianiculum
762 1025 968 1094 nuncupatur,
984 1023 1016 1078 in
1031 1021 1119 1092 om‘us
1138 1023 1286 1079 bonorem

218 1132 237 1174 a
257 1119 398 1188 gentibus
418 1117 573 1178 Kalendae
592 1125 665 1179 sunt
689 1122 854 1179 ianuarias
878 1122 1080 1191 nuncupatae.
1107 1121 1202 1175 Senn.
1217 1121 1284 1177 Vll.

216 1217 257 1274 de
270 1218 338 1274 Kal.
353 1221 420 1274 lan.
436 1233 466 1275 n.
482 1219 509 1275 3.
527 1222 603 1292 Opp.
616 1223 669 1290 Vl,
687 1221 751 1278 423.

255 1317 377 1373 XXXV.
392 1318 424 1372 B.
440 1316 493 1374 fol.
510 1318 546 1374 88
559 1332 577 1374 a
591 1336 599 1385 3
615 1321 636 1376 C
652 1318 707 1375 fol.
721 1318 757 1373 34
769 1316 1004 1374 b.-1.sotiones
1016 1315 1168 1373 variantes
1184 1331 1191 1371 :
1219 1316 1244 1383 1,
1257 1314 1285 1384 t,

219 1414 344 1483 stupent
357 1415 516 1482 quantum,
532 1415 610 1470 (1.-
628 1413 802 1470 Adnotanda
817 1429 824 1470 :
844 1415 870 1479 l,
885 1414 913 1466 2.
930 1415 1048 1469 Noram
1062 1414 1193 1481 stellam,
1208 1426 1286 1483 quae

219 1511 297 1568 luxit
318 1510 427 1578 Magis,
451 1514 523 1566 ante
543 1511 749 1568 Abaelardum
770 1511 845 1568 dixit
867 1510 1044 1566 Ambrosius
1066 1527 1073 1565 ε
1099 1510 1284 1568 1111161111

218 1609 341 1665 stellam
353 1621 470 1677 noram,
485 1623 564 1679 quae
575 1623 636 1664 non
653 1612 720 1666 erat
731 1609 799 1665 visa
813 1623 830 1664 a
845 1611 989 1664 creatura
999 1607 1115 1664 mundi.
1135 1607 1287 1664 Viderunt

219 1719 327 1762 noram
339 1709 509 1763 ereaturam
524 1708 555 1761 et
570 1720 632 1762 non
648 1708 749 1764 solum
761 1707 793 1762 in
805 1709 888 1762 terra
899 1705 953 1762 sed
966 1705 1056 1761 etiam
1071 1705 1103 1760 in
1118 1705 1203 1761 66616
1215 1718 1288 1774 gra·

216 1802 296 1859 ‘tiam
311 1802 385 1859 nori
403 1802 538 1859 bominis
557 1802 767 1874 requirebant,
785 1802 952 1860 seeundum
969 1801 1052 1873 quod
1073 1805 1197 1872 Moyses
1215 1815 1287 1872 pro-

224 1896 345 1966 phetice
358 1895 463 1967 posuit
478 1913 485 1952 :
502 1898 575 1968 quia
589 1899 708 1956 orietur
722 1901 812 1957 stella
824 1915 864 1956 ex
880 1900 972 1957 Jacob
988 1903 1019 1956 et
1033 1902 1176 1968 exsurget
1195 1899 1286 1955 homo

223 1994 403 2050 6111616611.
419 1995 454 2049 In
467 1996 542 2051 Luc.
556 1995 609 2052 lib.
620 1996 657 2066 ll,
674 2011 708 2053 n.
727 1998 772 2053 18.
788 1997 845 2054 Sed
853 2000 884 2053 61
897 1998 964 2068 ipse
976 1995 1165 2053 Abaelardus
1181 1997 1288 2052 noster

218 2095 318 2148 serm.
334 2092 361 2147 4.
382 2092 414 2148 in
431 2093 626 2164 Epiphania:
648 2110 661 2146 ‹
683 2097 726 2150 De
745 2095 885 2152 columba
905 2098 1015 2164 autem,
1031 2095 1063 2150 in
1078 2107 1139 2165 qua
1155 2093 1286 2164 Spiritus

224 2192 347 2246 sanctus
361 2188 509 2258 figuratus
523 2190 704 2260 ostenditur,
720 2191 800 2249 siout
813 2196 845 2250 61
860 2192 896 2248 16
912 2192 1001 2248 stella
1011 2190 1168 2247 sciendum
1180 2193 1237 2256 est,
1249 2204 1286 2246 ex

219 2284 380 2341 elementis
396 2283 513 2341 seilicet
525 2291 627 2342 ereata
642 2287 760 2356 noviter
771 2290 902 2358 utraque
913 2288 1076 2344 credatur:
1094 2300 1173 2357 quae
1185 2284 1286 2375 6111616

219 2396 286 2449 6116,
311 2381 350 2438 ad
367 2381 447 2453 quod
468 2386 577 2439 creatae
601 2389 682 2452 sunt,
701 2386 864 2457 completo,
887 2399 956 2441 esse
977 2384 1146 2453 desierunt,
1167 2383 1200 2438 in
1222 2384 1286 2440 ele·

221 2481 324 2536 menta
332 2479 400 2550 ipsa
413 2480 569 2536 resolutae
585 2499 610 2535 ι.

215 2588 217 2593 ·
254 2580 392 2636 xxxvl.
407 2578 494 2635 Bfol.
511 2579 547 2634 88
561 2592 596 2644 a;
613 2577 700 2635 Ciol.
715 2579 751 2634 35
766 2574 1010 2635 a.-1.eotionss
1024 2575 1194 2632 variantes:
1211 2577 1240 2644 5,
1257 2570 1284 2631 l'.

220 2675 292 2742 Quis
300 2676 443 2733 blandaB
454 2693 462 2743 3
474 2675 583 2732 falsam
593 2676 713 2732 literam
722 2676 854 2746 primam
864 2675 1000 2746 adpinxit
1011 2673 1195 2730 rubricator.
1208 2671 1281 2728 Edi-

221 2772 266 2829 dit
277 2772 362 2829 Pitra
378 2776 463 2834 Quae
476 2787 539 2829 6666
555 2774 687 2840 blanda,
717 2772 771 2830 sed
796 2771 882 2828 vocis
907 2771 1092 2827 vocabulum
1120 2771 1153 2825 in
1180 2770 1286 2828 661166

222 2868 460 2927 desideratur.—
468 2870 495 2937 5,
504 2867 531 2935 3,
543 2882 650 2939 aequa,
660 2871 691 2924 B.
702 2868 793 2926 Addit
802 2869 886 2924 Pitra
901 2869 1037 2925 notulam
1047 2867 1144 2923 banc:
1160 2884 1173 2919 ‹
1186 2868 1287 2923 Locus

221 2969 385 3037 corruptus
412 2965 535 3022 videtur
550 2966 587 3021 61.
617 2981 648 3020 v.
675 2967 798 3022 cousin.
820 2968 933 3023 Sensus
956 2965 1080 3022 videtur
1106 2976 1192 3020 esse:
1222 2967 1286 3021 Nee

221 3075 321 3135 aequa
336 3077 392 3119 6611
406 3062 516 3119 similis
530 3077 590 3118 vox
604 3065 689 3119 tenet
702 3077 887 3133 quemquam
900 3066 1007 3134 typum
1028 3061 1154 3118 divinae
1169 3061 1287 3130 gratiae

222 3173 278 3217 seu
292 3160 335 3216 ita
349 3159 523 3216 manifestat
537 3159 672 3216 divinam
696 3160 823 3228 gratiam
841 3176 865 3216 s.
881 3159 938 3215 Sed
952 3159 1026 3238 haee
1042 3171 1173 3214 erronea
1202 3160 1285 3215 sunt.

223 3255 315 3312 Modo
329 3256 394 3312 rite
401 3256 592 3325 restituatur,
609 3270 665 3311 nee
679 3259 842 3326 corruptus
860 3255 959 3312 videri
985 3258 1087 3327 potest
1115 3255 1203 3311 loeus
1228 3267 1286 3310 nec

219 3353 287 3409 ulla
298 3353 557 3424 >interpretatione
569 3353 694 3423 indiget.

255 3449 442 3506 Adnotanda:
459 3452 516 3520 1,1
536 3465 603 3522 sqq.
620 3468 634 3504 1
655 3452 755 3522 Atque
775 3450 844 3507 ideo
856 3451 942 3506 venit
966 3449 1112 3506 Dominus
1141 3446 1179 3504 ad
1201 3446 1287 3502 lara·

220 3527 317 3611 erum,
334 3561 397 3604 non
410 3551 446 3603 ut
465 3548 646 3619 purificetur
660 3549 728 3619 ipse
758 3549 856 3619 aquis.
882 3547 937 3605 sed
959 3551 995 3603 ut
1017 3546 1105 3603 nobis
1133 3556 1283 3615 aquarum

218 3643 336 3701 fluenta
348 3644 508 3717 purificet3
525 3660 562 3701 ex
577 3660 638 3717 quo
653 3646 735 3702 enim
749 3646 803 3703 ille
818 3645 930 3702 sesain
951 3659 1045 3716 aquas
1064 3641 1181 3711 mersit,
1197 3655 1233 3696 ex
1249 3655 1286 3697 eo

217 3729 356 3798 omnium
370 3743 563 3800 eredentium
580 3747 705 3815 peccata
720 3743 844 3800 delevit.
865 3743 977 3799 Mirum
1001 3755 1077 3811 ergo
1097 3740 1130 3796 i'n
1160 3737 1287 3795 modum

215 3849 300 3893 unus
319 3839 471 3907 mergitur
483 3843 514 3896 et
529 3841 614 3896 salus
640 3840 777 3897 omnium
796 3843 958 3910 reparatur
973 3858 1001 3895 ›.
1015 3841 1110 3895 serm.
1125 3834 1287 3894 Ambrosio

213 3933 285 3991 trib.
302 3935 341 4002 X,
356 3933 395 3991 de
409 3936 520 4007 Epipb.
537 3937 591 4006 111,
603 3951 635 3992 n.
652 3939 679 3992 2.
695 3939 770 4008 opp.
789 3940 863 3993 tom.
878 3938 918 3994 Vl
932 3951 962 4007 p.
979 3930 1288 4001 1166-1160111111-

215 4033 302 4088 zatur
318 4032 472 4102 Christus,
489 4047 551 4090 non
561 4037 597 4090 ut
612 4034 819 4091 sanctificetur
834 4033 870 4090 ab
886 4034 983 4105 aquis,
996 4033 1050 4090 sed
1063 4035 1100 4089 ut
1112 4031 1180 4101 ipse
1190 4041 1286 4098 aquas

214 4129 389 4186 sanctificet
404 4132 434 4186 et
441 4130 657 4202 purificatione
671 4132 720 4188 sui
734 4130 877 4203 purificet
889 4123 1077 4196 fluentailla,
1088 4141 1167 4199 quae
1176 4124 1284 4194 tangit.

216 4225 415 4283 consecratio
431 4226 514 4294 enim
529 4227 642 4284 Christi
658 4226 846 4283 consecratio
860 4227 958 4298 maior
972 4230 1019 4284 est
1038 4220 1193 4282 elementi.
1208 4221 1286 4278 Cum
