2992 5048
669 442 702 454 -
724 415 778 471 275
791 417 832 454 ‘'-

222 547 305 601 llaec
319 544 351 600 et
369 553 448 614 quae
463 542 634 612 sequuntur
647 550 758 595 versus
777 535 892 593 sedulii
919 536 952 592 in
978 538 1111 593 mentem
1138 533 1284 598 revocant

218 639 420 697 notissimos:
485 632 487 639 ’

485 800 584 853 Hostls
597 800 723 853 Herodes
739 799 835 865 imple,

489 891 639 944 Christum
653 889 752 942 venire
768 888 837 955 quid
849 887 953 939 times?

486 980 550 1033 Non
561 980 646 1045 eripit
660 979 799 1039 mortalia,

489 1067 543 1130 Qui
558 1082 648 1136 regna
659 1068 707 1121 dat
717 1067 853 1120 eoelestis.

256 1314 333 1371 clv.
352 1312 540 1382 -Β,161.91
554 1327 588 1381 a;
604 1315 637 1383 d,
652 1313 706 1370 161.
721 1312 757 1370 28
771 1326 799 1369 6.
814 1340 851 1354 -
864 1309 1019 1369 Lectiones
1029 1307 1198 1367 vertentes:
1214 1310 1241 1381 1,
1254 1312 1283 1381 6,

219 1409 385 1481 epilantes,
396 1414 429 1468 Β.
444 1443 481 1453 -
505 1410 534 1480 3,
560 1412 588 1476 5,
603 1409 728 1477 frustra,
742 1410 801 1476 Bil3
816 1406 983 1478 legendum
997 1408 1101 1463 tamen
1124 1405 1285 1463 evidenter

105 1524 108 1532 “
219 1507 339 1577 frusta.
355 1538 392 1552 -
405 1508 433 1576 3,
449 1511 476 1564 6.
491 1509 540 1566 Sic
554 1509 656 1580 cupio,
671 1511 703 1565 B.
718 1537 755 1550 —
767 1507 829 1578 4,1.
841 1505 952 1562 Fundit
965 1507 1084 1576 pectus,
1099 1506 1122 1560 B
1137 1506 1285 1575 sequente

219 1609 312 1666 Pitra.
328 1640 366 1649 -
378 1609 407 1679 i,
421 1610 450 1679 2,
465 1609 553 1666 sinus
567 1607 687 1676 scindit,
702 1611 735 1663 B.

253 1706 447 1764 1116111111
465 1708 492 1775 1,
513 1704 600 1762 lcn.
617 1707 674 1762 161.
684 1703 731 1775 31,
746 1703 947 1774 1161111611
965 1702 1067 1758 locum
1080 1702 1225 1759 lectorem
1236 1714 1283 1758 16-

216 1799 287 1870 jicit
299 1801 421 1872 Matth,
434 1801 463 1856 2.
480 1800 523 1856 18.
540 1803 605 1867 Quo
614 1797 767 1868 rerojure
781 1797 813 1854 id
827 1796 946 1866 iecerit,
968 1794 1039 1852 audi
1063 1794 1284 1864 Hieronymum

219 1896 374 1954 dicentem
384 1899 561 1967 (comment.
576 1895 706 1966 lih..1„in
721 1895 828 1952 Matth.
844 1909 871 1951 c.
883 1893 951 1963 2):‹
966 1894 1009 1949 lte
1018 1891 1132 1949 Rachel
1139 1894 1229 1948 natus
1237 1893 1284 1948 est

220 1995 393 2067 Beniamin,
407 1997 439 2053 in
454 1995 544 2067 cujus
556 1995 639 2053 trihu
652 2007 714 2051 non
732 1996 780 2051 est
801 1991 989 2049 Bethlehem.
1011 1989 1173 2056 Quaeritur
1197 2001 1281 2060 ergo,

220 2088 374 2158 quomodo
384 2090 498 2147 Rachel
509 2091 590 2147 tilios
602 2091 709 2160 dudae,
723 2091 755 2148 id
769 2093 817 2147 est
824 2092 1013 2163 Bethlehem,
1025 2093 1113 2165 quasi
1128 2110 1201 2153 suos
1215 2098 1284 2170 plo·

218 2188 280 2243 161.
299 2187 564 2258 Respondebimus
578 2189 724 2257 breviter,
738 2189 810 2260 quia
825 2189 947 2261 sepulta
960 2191 1000 2247 sit
1010 2191 1099 2262 Juxta
1106 2195 1284 2254 Bethlehem

218 2284 251 2340 in
261 2286 399 2356 Ephrata
414 2288 445 2343 61
458 2301 495 2342 61
506 2289 644 2345 materno
672 2287 848 2358 corpusculi
875 2286 1009 2359 hospitio
1032 2291 1140 2348 matris
1169 2306 1282 2351 nomen

217 2383 380 2465 acceperit.
395 2383 465 2440 Sive
479 2384 624 2455 quoniam
636 2384 715 2442 Juda
728 2386 759 2440 61
772 2384 932 2455 Benjamin
947 2385 1026 2442 duae
1043 2385 1142 2444 trihus
1155 2387 1280 2458 junctae

216 2483 305 2537 erant
319 2484 350 2537 61
361 2481 497 2540 Η616161
509 2483 709 2553 praeceperat
720 2495 783 2539 161
792 2482 894 2538 solum
907 2482 940 2538 in
955 2483 1132 2540 Bethlehem
1145 2484 1281 2543 interfici

216 2589 333 2647 pueros
347 2577 402 2634 sed
420 2577 451 2633 in
466 2578 606 2636 omnibus
620 2579 733 2636 finitus
747 2579 826 2650 ejus.
841 2580 942 2649 s-o,
956 2578 973 2633 3
988 2593 1038 2651 sq.
1053 2582 1136 2638 llaec
1150 2595 1188 2639 61
1208 2583 1278 2640 col-

215 2673 297 2736 lecta
310 2672 382 2730 festi
396 2674 616 2746 innocentium,
630 2675 783 2746 cujushoc
798 2678 846 2733 est
854 2676 977 2733 initium
992 2693 1000 2732 :
1013 2678 1105 2747 Deus,
1121 2676 1280 2747 61111116-

217 2765 326 2828 116116
336 2770 386 2828 die
397 2772 595 2842 praeconium
608 2773 786 2831 innocentes
799 2777 951 2843 martyres
976 2786 1036 2829 1611
1057 2774 1206 2844 loquendo
1225 2777 1280 2834 sed

216 2849 370 2933 moriendo
384 2868 608 2938 confessisunt,
624 2873 681 2927 616.

252 2968 312 3024 GV.
325 2995 363 3008 -
377 2966 410 3032 (i,
425 2965 479 3023 161.
494 2967 546 3023 193
560 2981 588 3024 6.
600 2968 804 3025 —Lectiones
816 2967 983 3026 verlamest
999 2968 1027 3037 3,
1041 2966 1069 3023 3.
1087 2967 1229 3035 Alostulit,
1246 2972 1279 3028 c.

216 3092 249 3105 -
260 3065 291 3131 5,
310 3063 339 3132 3,
353 3076 410 3133 per
432 3062 540 3131 gloria,
557 3065 589 3120 C.
611 3093 644 3106 -
658 3064 846 3121 denotanda:
865 3063 893 3133 1,
908 3063 936 3120 3.
959 3064 1014 3120 llio
1027 3077 1139 3120 versus
1153 3063 1278 3136 indicat,

215 3160 431 3230 Abaelardum,
448 3174 518 3217 cum
531 3161 613 3218 hunc
627 3162 774 3232 hymnum
789 3161 946 3229 scriberet,
956 3160 1157 3231 existimasse,
1166 3162 1279 3235 Diony-

217 3258 297 3315 sium
310 3257 517 3315 Parisiensem
529 3258 744 3330 Areopagitam
755 3258 862 3315 fuisse.
876 3257 964 3318 Unde
975 3257 1109 3328 hymnus
1124 3261 1279 3332 conscrip-

215 3358 265 3413 tus
293 3354 420 3412 videtur
442 3355 543 3427 primo
566 3370 622 3413 suo
652 3357 684 3412 in
706 3356 865 3413 Abbatiam
888 3356 1105 3426 Dionysianam
1132 3356 1277 3428 adventu,

216 3455 382 3525 antequam
397 3453 429 3508 in
444 3453 555 3509 Bedam
569 3453 709 3510 incidens
724 3453 762 3511 de
774 3454 959 3524 Areopagita
975 3451 1066 3510 dubia
1091 3455 1276 3526 conceperit,

214 3550 381 3623 dequibus
406 3550 470 3620 agii
487 3551 520 3606 in
543 3551 672 3608 historia
698 3551 904 3609 calamitatum
923 3551 1022 3623 capite
1035 3553 1081 3607 ll:
1112 3553 1277 3609 ‹Fortuito

214 3662 350 3720 namque
368 3648 444 3705 mihi
468 3648 599 3721 quadam
623 3649 672 3706 die
688 3649 812 3721 ,legenti
840 3649 974 3706 occurrit
1001 3647 1151 3720 quaedam
1178 3650 1278 3707 Bedae

214 3745 378 3818 sententia,
407 3760 468 3818 qua
487 3747 521 3802 in
550 3728 739 3817 expositione
772 3750 895 3803 actuum
914 3746 1123 3816 apostolorum
1152 3747 1275 3819 asserit,

213 3844 394 3914 Dionysium
408 3845 622 3916 Areopagitam
638 3844 861 3902 Corinthiorum
878 3844 981 3917 potius
1002 3858 1094 3916 quam
1111 3845 1277 3903 Athenien·

214 3939 295 3997 sium
310 3939 408 3997 fuisse
423 3940 611 4012 episcopum.
628 3941 713 4008 Quod
723 3940 814 3998 valde
828 3940 873 3997 eis
894 3940 1081 3997 contrarium
1103 3938 1276 4004 videbatur.

215 4037 267 4108 qui
281 4051 373 4093 suum
386 4036 566 4109 Dionysium
575 4038 668 4095 illum
680 4034 1054 4109 Areopagitamjectitant,
1069 4048 1161 4107 quem
1175 4035 1278 4107 ipsum

214 4132 627 4204 Atheniensem-episcopum
649 4136 735 4202 gesta
759 4131 825 4202 ejus
853 4131 950 4190 misse
970 4130 1164 4202 profitentur.
1193 4129 1279 4198 Quod

214 4242 284 4286 oum
309 4229 504 4302 reperissem,
530 4229 712 4301 quibusdam
745 4227 1009 4286 circumstantium
1034 4225 1166 4284 fratrum
1189 4224 1277 4298 quasi
