2992 5048
597 416 758 472 -138-

636 647 729 715 LXX

564 789 598 839 In
611 786 791 843 2Nocturno.

278 957 309 1022 i.
410 958 639 1028 Remissionis
653 980 838 1029 numerum

455 1073 528 1140 Lux
548 1073 665 1162 signat
681 1074 981 1164 quinquagesima,

408 1187 481 1265 Quo
498 1189 675 1278 jubilaeus
695 1191 854 1260 omnium

454 1309 577 1376 Annus
596 1308 729 1376 relaxat
750 1307 881 1378 debita.

322 1422 467 1490 Summa
485 1442 620 1490 summo
640 1423 749 1511 regi*
771 1424 837 1492 Deo
857 1425 903 1494 sit
915 1425 1039 1516 gloria,

408 1539 515 1626 Cujus
534 1538 691 1607 cuncta*
711 1539 908 1610 subsistunt
924 1542 1050 1631 gratia,

410 1655 461 1721 Ex
480 1675 560 1743 quo,
579 1675 773 1743 perquem,
794 1655 946 1746 *inquo
975 1665 1058 1727 sunt
1076 1659 1206 1727 omnia.

276 1819 309 1887 2.
411 1820 484 1890 Sub
500 1821 564 1890 hoc
581 1822 715 1890 dierum
735 1844 879 1893 numero

455 1937 680 2006 Remissionis
700 1938 844 2027 spiritus

412 2050 443 2118 Α
457 2053 584 2119 summi
601 2053 709 2141 patris
724 2051 810 2121 solio

458 2166 572 2248 Venit,
594 2186 697 2254 quem
717 2167 811 2235 misit
830 2167 934 2236 silius.

296 2311 299 2321 =
324 2281 468 2349 Summa
486 2301 623 2349 summo
640 2283 713 2371 regi
731 2282 748 2319 ‘¹‘
767 2282 836 2350 Deo
855 2281 901 2350 sit
913 2281 1038 2372 gioria,

338 2414 341 2423 ’
409 2396 517 2484 Cujus
536 2404 658 2466 cuncta
676 2397 692 2434 *
710 2397 907 2466 subsistunt
924 2398 1050 2487 gratia,

411 2513 461 2579 Ex
480 2533 560 2601 quo,
581 2533 642 2601 per
663 2532 781 2601 quem,
801 2512 871 2580 *in
892 2533 959 2601 quo
974 2520 1056 2582 sunt
1078 2515 1207 2584 omnia.

274 2681 307 2748 3.
409 2680 570 2748 Divinum
591 2680 716 2769 quippe
736 2680 896 2769 spiritum

453 2797 616 2866 Amorem
630 2796 704 2883 ejus
724 2796 882 2881 dicimus,

409 2912 482 2988 Quo
496 2911 565 2978 reis
585 2909 676 2979 hunc
690 2910 891 2998 propitium,

453 3025 526 3103 Quo
546 3026 666 3094 mitem
679 3045 755 3093 cssc
775 3026 947 3094 novimus,
1114 3113 1116 3117 ι

318 3139 459 3207 Summa
474 3159 609 3208 summo
624 3139 697 3229 regi
715 3141 731 3178 *
750 3139 819 3208 Deo
840 3141 885 3208 sit
902 3138 1027 3228 gloria,

405 3253 512 3344 Cujus
530 3262 653 3324 cuncta
665 3253 681 3290 *
692 3253 888 3324 subsistunt
900 3255 1024 3344 gratia,

404 3369 455 3437 Ex
473 3389 551 3459 quc,
575 3388 765 3459 perquem,
785 3368 802 3404 *
819 3368 855 3436 in
873 3389 942 3459 quc
961 3376 1044 3440 sunt
1069 3371 1200 3443 omnia.

273 3533 305 3601 li.
407 3533 514 3623 Cujus
533 3537 661 3605 amoris
680 3534 782 3605 hodie

446 3651 601 3720 Flamma
619 3650 769 3720 mundus
788 3649 1004 3733 accenditur,

402 3762 511 3841 Quem
529 3763 624 3832 venit
637 3763 797 3831 Christus
816 3761 965 3846 mittere,

447 3880 485 3946 In
502 3887 629 3948 {ercam
644 3879 734 3966 ignis
748 3876 910 3946 mittitur.

315 3994 457 4063 Summa
476 4015 611 4063 summo
629 3994 704 4084 regi
722 3997 738 4033 *
757 3994 826 4061 Deo
841 3992 886 4060 sit
900 3991 1024 4082 gloria,

401 4110 508 4198 Cujus
526 4112 682 4180 cuncta'*
701 4108 898 4178 subsistunt
912 4108 1038 4196 gratia,

399 4225 537 4316 thu0‚
558 4245 752 4317 perquem,
772 4223 839 4291 *in
863 4242 931 4312 quo
954 4228 1037 4290 sunt
1063 4221 1193 4291 omnia.
