2992 5048
669 426 812 484 ..ffi-

212 553 250 612 de
263 551 334 622 ilde,
352 564 406 620 spe
428 552 460 606 et
474 549 598 606 caritate
619 551 671 608 vel
692 552 780 609 bonis
795 548 940 622 operibus
959 548 1150 619 expositione
1173 551 1280 606 nostra

214 652 362 708 lectorem
368 647 557 704 instruimus.
566 649 696 718 Mystica
705 663 780 706 vero
791 649 902 706 dicitur
912 646 1148 718 expositio,eum
1157 661 1193 703 ea
1199 660 1281 718 prae-

220 744 349 815 figurari
363 744 515 810 docemus,
531 757 598 814 quae
615 758 633 800 a
646 747 783 815 tempore
795 743 911 814 gratiae
922 758 978 814 per
990 741 1144 800 Christum
1158 742 1282 800 merant

216 839 457 899 consummanda
470 840 521 896 vel
544 854 745 912 quaecunque
759 840 888 898 historia
903 839 1007 897 hitura
1026 839 1218 911 praesignari
1232 854 1283 896 os·

216 939 379 996 tenditur»
395 937 508 1012 (Migne
519 939 577 993 PP.
594 938 651 994 LL.
667 939 730 1009 178,
746 953 777 1010 p.
792 938 868 1008 770).

253 1038 304 1093 ΙΙΙ.
322 1039 354 1093 Β.
370 1035 421 1093 iol.
437 1035 472 1091 82
488 1035 518 1092 b.
533 1065 570 1076 —-
583 1036 740 1093 Lectiones
753 1034 905 1093 unientes
922 1031 968 1107 zi,
984 1035 1237 1106 taquam-5,
1254 1036 1280 1093 1.

222 1136 258 1191 ln
272 1132 377 1190 mundi
391 1147 522 1204 quoque.
536 1135 571 1189 B.

246 1232 437 1289 adnotanda:
453 1230 515 1301 1,2.
526 1233 591 1288 Vox
605 1229 880 1302 intelltpttiltshoc
896 1232 964 1288 loco
980 1244 1043 1287 non
1059 1244 1095 1286 eo
1111 1231 1283 1320 intumus,

214 1345 275 1402 quo
284 1332 355 1401 post
367 1331 512 1386 Senecam
524 1329 725 1398 Augustinus,
733 1331 804 1400 post
815 1327 1024 1397 Augustinum
1033 1328 1208 1399 philosophi
1217 1327 1285 1398 ple·

214 1439 344 1497 rumque
354 1425 525 1482 scholastici
539 1439 575 1481 ea
583 1425 760 1494 utebantur,
776 1426 952 1496 accipienda
967 1429 1025 1496 est,
1037 1424 1178 1482 sedidem
1190 1425 1285 1494 signi·

214 1523 284 1580 licat
298 1537 333 1578 ac
348 1520 533 1591 intellipens.
545 1552 581 1563 —
590 1523 619 1592 2,
633 1523 660 1578 d.
674 1523 791 1580 Alludit
801 1523 839 1580 ad
852 1525 867 1578 J
870 1523 963 1579 obum
976 1522 1022 1591 38,
1037 1523 1054 1578 4
1068 1525 1099 1578 et
1116 1521 1287 1578 7Abaelar·

216 1620 290 1685 dus;
307 1618 345 1676 de
354 1632 414 1689 quo
422 1620 489 1675 loco
497 1618 587 1689 Beda,
604 1621 771 1677 herasmi
787 1622 894 1675 :Astra
904 1619 1048 1676 videlicet
1059 1619 1208 1675 matutina
1218 1633 1287 1675 eos·

216 1715 285 1773 dem
310 1716 446 1784 angelos,
475 1729 550 1786 quos
566 1719 597 1771 et
620 1715 698 1772 lilios
714 1717 767 1773 Dei
781 1730 974 1787 nuncupans,
997 1715 1035 1773 ad
1058 1715 1284 1772 distinctionem

218 1813 363 1869 nimirum
377 1812 534 1869 hominum
549 1816 732 1882 sanctorum,
749 1814 801 1886 qui
814 1813 1009 1884 postmodum
1023 1812 1144 1869 creandi
1156 1827 1190 1869 ac
1200 1813 1289 1869 velut

219 1912 303 1966 astra
316 1909 566 1980 vespertinapost
576 1910 797 1967 contessionem
807 1910 930 1967 divinae
944 1909 1127 1966 laudationis
1137 1923 1194 1979 per
1205 1923 1285 1965 mor·

218 2010 282 2063 tem
290 2009 378 2063 erant
390 2006 490 2063 carnis
501 2006 639 2063 occasuri
647 2007 760 2080 (Migne
771 2010 818 2064 PP
844 2007 939 2064 LL.9l
954 2005 1205 2080 p,ll).··l,1.0b
1212 2020 1285 2063 ocu·

220 2105 268 2160 los
283 2108 350 2160 erat
361 2103 530 2161 Abaelardo
544 2104 703 2175 sequentia
713 2105 897 2173 Notgeriana
911 2121 917 2159 :
929 2104 1042 2161 Sancti
1050 2103 1188 2174 Spiritus
1203 2101 1287 2161 adsit

222 2200 315 2257 nobis
324 2199 444 2270 pratia,
456 2200 488 2256 in
503 2199 591 2270 cujus
601 2195 739 2257 clausula
750 2201 959 2272 quintaaltera
971 2204 1058 2271 parte
1071 2202 1114 2257 ita
1123 2200 1205 2256 canit
1217 2213 1289 2270 pro·

223 2301 307 2355 sator
319 2297 537 2367 sangallensis.

537 2461 579 2510 Tu
594 2473 680 2525 super
693 2473 780 2526 aquas

534 2549 645 2599 foturus
656 2561 703 2599 eas

534 2649 642 2689 numen
658 2640 738 2688 tuum
752 2636 920 2702 expandisti,
938 2636 1068 2701 spiritus.

260 2833 370 2890 versio
386 2832 566 2905 scripturae,
582 2833 707 2902 vulgata
725 2846 803 2904 quae
818 2832 941 2901 dicitur,
959 2831 1123 2888 nonhabet
1137 2830 1197 2888 nisi
1216 2833 1292 2889 haec

225 2931 322 2988 verba
338 2948 345 2986 :
362 2930 492 3000 Spiritus
502 2930 555 2986 Dei
567 2929 720 2987 ferebatur
734 2943 827 3000 super
840 2943 946 3000 aquas.
961 2932 999 2985 At
1005 2929 1073 2999 ipse
1086 2928 1292 3001 Hieronymus

227 3027 260 3083 in
272 3026 352 3083 libro
368 3027 582 3096 quaestionum
597 3025 810 3082 Hebraioarum
824 3027 857 3080 in
870 3026 1003 3081 Genesin
1017 3026 1115 3095 capite
1130 3026 1231 3096 primo
1241 3025 1292 3083 ad·

230 3126 336 3194 vertit,
346 3138 453 3181 vocem
464 3123 642 3181 hebraicam
649 3122 983 3206 merobesethlnpttpm)
1000 3124 1102 3194 potius
1118 3123 1292 3193 significare

232 3242 247 3272 u
262 3222 427 3278 incubabat
440 3221 508 3277 sive
526 3220 706 3277 confovebat
719 3221 751 3276 in
763 3206 997 3278 similitudinem
1021 3219 1157 3277 volucris
1172 3234 1230 3276 ova
1244 3234 1292 3276 ca-

232 3321 300 3376 lore
319 3318 522 3374 animantis».
551 3318 664 3375 Eadem
690 3317 763 3380 iere,
788 3319 999 3374 auctoritatem
1022 3319 1234 3388 interponens,
1260 3318 1295 3372 ut

233 3416 357 3473 videtur
377 3416 510 3488 Ephrem
536 3416 613 3486 Syri,
629 3416 657 3471 S.
682 3415 811 3471 Basilius
836 3415 960 3487 homilia
973 3417 1001 3486 2,
1025 3416 1058 3471 in
1086 3417 1295 3471 hexaemeron

234 3513 296 3568 n·6
312 3528 319 3566 :
335 3519 402 3586 Ἐρῶ
420 3538 460 3571 σοι
475 3513 524 3570 οὖν
541 3520 652 3582 ἐμαυτοῦ
667 3518 750 3583 λόγον,
767 3513 831 3570 ἀλλὰ
843 3519 929 3587 Σύρου
947 3514 1037 3585 ἀνδρὸς
1062 3516 1152 3584 σοφίας
1168 3523 1296 3582 κοσμικῆς

234 3615 357 3660 τοσοῦτον
373 3605 554 3673 ἀφιστηκὸτος,
569 3606 629 3659 ὅσον
642 3600 716 3671 ἔγγὺς
733 3602 763 3670 ἦν
782 3613 826 3669 τῆς
840 3615 889 3658 τῶν
907 3602 1030 3670 ἀληθινῶν
1046 3603 1195 3670 ὶπιοτήμης.
1205 3603 1298 3670 Ἔλεγε

233 3695 319 3750 τοίνυν
331 3692 375 3759 τὴς
386 3705 436 3748 τῶν
458 3695 547 3763 Σύριον
560 3692 644 3760 φωνὴν
658 3690 862 3761 ἔμφατικωτέραν
875 3714 902 3748 το
916 3693 991 3754 εἶναι,
1003 3694 1047 3746 καὶ
1064 3693 1106 3746 διὰ
1120 3689 1164 3758 τὴν
1179 3694 1242 3760 πρὸς
1253 3690 1297 3758 τὴν

236 3783 363 3852 ‘Eppuleiae
388 3784 525 3848 γειτνῖασιν
548 3785 640 3849 μᾶλλὸν
666 3804 718 3844 πως
742 3789 772 3860 τῇ
801 3778 888 3852 ἐννοίᾳ
917 3793 967 3837 τῶν
994 3785 1105 3850 Γραφῶν
1120 3783 1298 3850 «pomaeo.

230 3873 306 3926 Εἶναι
323 3871 367 3926 οὖν
383 3869 427 3938 τὴν
440 3875 553 3925 διάνοιαν
566 3881 612 3924 τοῦ
630 3867 705 3938 ῥητοῦ
728 3872 833 3936 ταύτην·
846 3873 869 3923 Τ
871 3873 885 3923 'o
901 3871 1061 3939 Ἐπιφέριτο,
1078 3872 1162 3938 φησὶν,
1178 3867 1299 3935 stapedu-

229 3983 271 4015 ται
289 3958 610 4016 &veternosissimas
636 3955 827 4025 ἰζωογὸνειτὴν
854 3969 915 4034 τῶνι
935 3961 1035 4014 ὑδάτων
1064 3961 1137 4025 φύσιν
1163 3958 1230 4012 κατὰ
1253 3956 1298 4023 τὴν

229 4047 378 4116 οἷκὸνοντῆς
405 4048 569 4114 theatrica<
583 4049 681 4116 ὄρνιθος
702 4052 746 4100 καὶ
767 4049 876 4124 {matesis
902 4068 959 4102 τινα
987 4049 1091 4114 δύναμιν
1115 4044 1221 4114 harim:
1240 4043 1298 4108 ’τοῖς

231 4140 461 4204 ὑποδκλπομὲνοις.
475 4139 598 4192 Toto-arde
611 4155 667 4191 τινα
682 4139 756 4201 φασὶν
768 4139 816 4190 tet
827 4143 871 4202 τῆς
884 4144 967 4205 φωνῆς
978 4137 1071 4204 axum:
1084 4140 1296 4206 παραδηλοῠθσαν

231 4239 276 4294 τὸν
291 4247 361 4303 νοῦν,
376 4235 409 4297 ὦς
422 4233 605 4307 ἓπιςερομίνου
617 4244 661 4289 τοῦ
675 4235 824 4300 πνεύματος.
832 4229 948 4298 Quibus
960 4233 1083 4301 praeter
1093 4228 1296 4286 alioseGrao·
