2992 5048
622 431 766 486 ..12-

163 549 337 634 omnihus,
359 569 446 638 quos
465 570 589 621 exsua
615 553 651 621 in
680 555 916 622 Hexaemeron
937 554 1149 643 expositione
1174 558 1222 627 ita

162 663 290 750 hausit,
308 671 347 732 ut
365 665 450 732 nihil
469 675 609 755 praeter
626 668 828 758 rhythmum
852 670 1011 739 uideatur
1033 670 1224 742 addidisse.

162 769 267 847 Aliud
287 781 481 868 exemplum
509 783 545 852 in
574 783 716 873 hymno,
743 785 804 873 qui
823 785 865 854 do
885 793 1003 854 sancto
1029 787 1138 856 Paulo
1157 796 1223 875 est,

163 895 325 978 occurrit,
346 914 449 984 quem
468 897 498 965 si
517 898 709 967 contuleris
729 919 809 967 cum
827 918 985 968 sermone
1005 900 1049 968 24
1068 902 1226 989 ejusdcm

164 1008 309 1097 apostoli
329 1011 591 1081 conversionem
610 1014 888 1094 commendante,
907 1015 942 1082 in
962 1022 1110 1105 utroque
1129 1037 1229 1086 sanc-

163 1131 238 1194 tum
257 1144 336 1192 cum
356 1125 571 1196 rhinocerote
590 1136 830 1217 comparatum
845 1129 1018 1198 invenies.
1044 1130 1124 1198 lam
1142 1150 1228 1199 vero

166 1237 293 1307 similia
310 1240 347 1307 in
366 1241 504 1330 hymnis
523 1243 675 1331 primum
696 1243 853 1312 hocloco
873 1243 976 1312 editis
992 1244 1147 1332 reperire
1160 1247 1228 1314 est.

167 1353 218 1424 Ita
237 1353 480 1442 septemdecim
499 1357 639 1448 hymnis
653 1357 903 1448 (XLII-LVlIl)
933 1358 1016 1428 haec
1035 1361 1230 1429 communis

169 1475 221 1539 est
238 1470 416 1560 doxologia
440 1493 447 1538 :
901 1481 906 1489 ’

344 1694 389 1748 Tu
402 1691 458 1748 tibi
472 1693 602 1762 compati
618 1693 662 1750 sic
676 1693 724 1749 fac
733 1708 801 1758 nos,
816 1695 957 1765 Domine,

350 1791 433 1845 'luae
445 1791 610 1862 participes
624 1795 659 1848 ut
674 1791 769 1848 simus
785 1792 912 1861 gloriae,

350 1886 398 1942 Sic
411 1901 559 1957 praesens
574 1888 710 1945 triduum
722 1889 754 1944 in
767 1891 851 1945 lucto
865 1889 989 1960 ducere,

349 1981 389 2037 Ut
402 1981 495 2038 risum
510 1983 628 2040 tribuas
642 1985 797 2055 paschalis
818 1985 947 2055 gratiae.

218 2194 293 2271 Qua
311 2193 401 2263 lecta
419 2195 448 2264 si
467 2194 636 2284 perlegas,
657 2216 745 2284 quae
765 2195 799 2262 in
819 2214 979 2263 sermone
1000 2194 1087 2278 xlll,
1109 2192 1169 2282 qui
1189 2193 1232 2262 de

174 2307 343 2378 Paschate
361 2316 424 2394 est,
454 2312 614 2399 proponit
644 2310 874 2392 abaelardus,
903 2308 1048 2378 dubium
1068 2328 1231 2377 essenon

171 2422 299 2508 poterit
331 2423 452 2509 ullum,
473 2425 557 2513 quin
586 2422 676 2491 idem
706 2422 888 2513 sit'hymni
917 2422 984 2522 qui·
1005 2428 1039 2491 ct
1062 2418 1237 2490 sermonis

172 2542 304 2605 auctor.
320 2539 414 2606 Haec
433 2539 525 2607 enim
545 2539 635 2609 isle:
658 2563 673 2604 r
692 2538 780 2618 Quid
795 2539 904 2627 igitur
925 2537 1063 2621 mirum,
1076 2536 1106 2604 si
1125 2543 1159 2604 et
1178 2533 1234 2602 bi-

172 2649 281 2718 duum
298 2651 384 2719 illud
399 2651 590 2721 dominicae
606 2650 779 2741 passionis
791 2673 832 2720 ao
850 2648 1103 2740 sepulturaein
1125 2647 1230 2718 luctu

173 2756 436 2845 compassionis
454 2760 639 2848 praecipue
659 2758 829 2843 ducimus
860 2765 898 2827 ut
916 2763 993 2846 post
1012 2757 1130 2824 fletum
1150 2775 1234 2844 gra-

173 2876 240 2943 tior
271 2873 441 2944 habeatur
482 2873 583 2945 risus
619 2875 885 2944 resurrectionis
919 2872 1029 2963 gloria
1067 2890 1238 2961 superre-

173 2989 290 3056 niente
306 3013 337 3054 r.
360 2988 428 3057 Sed
447 2988 490 3057 de
509 2989 693 3075 similibus,
708 3009 788 3057 cum
808 2987 1024 3078 frequentius
1038 2990 1236 3068 occurrant,

172 3101 335 3170 lectorem
355 3101 529 3190 rejicimus
549 3103 592 3170 ad
612 3103 764 3186 notulas,
786 3100 915 3191 quibus
934 3099 1091 3188 singulos
1113 3119 1153 3166 ex
1172 3117 1233 3165 or-

173 3214 254 3282 dine
273 3213 419 3304 hymnos
439 3214 688 3303 adspersimus.

217 3333 284 3401 Pro
304 3334 479 3423 aliquibus
498 3333 636 3424 hymnis
663 3332 730 3401 alia
753 3332 857 3401 etiam
879 3328 1100 3418 suppeditant
1127 3346 1235 3416 argu·

175 3456 303 3518 menta.

218 3564 268 3633 lta
286 3564 372 3633 duos
390 3564 588 3655 hymnosde
602 3558 936 3650 sanctahlagdalena
953 3555 1140 3626 Ahaelardi
1160 3575 1236 3624 esse

175 3670 230 3740 vel
249 3672 484 3743 indeobvium
503 3682 567 3758 est,
588 3673 681 3763 quod
701 3671 827 3762 prioris
846 3668 944 3737 initia
956 3667 1119 3738 incodiee
1136 3667 1241 3736 etiam

175 3787 391 3859 Bruxellensi
408 3790 585 3881 leguntur,
606 3788 749 3878 reliquis
768 3785 931 3862 versibus
965 3805 1045 3852 cum
1077 3782 1158 3851 lolio
1197 3781 1252 3868 97,

176 3902 318 3973 avulsis.
340 3905 434 3974 Inter
453 3904 601 3994 hymnos
619 3904 661 3973 de
689 3901 831 3985 sanctis,
853 3917 940 3987 quos
966 3897 1002 3964 in
1022 3897 1139 3966 codice
1160 3896 1242 3964 C'al-

176 4026 339 4087 monlono
356 4021 563 4110 reperimus,
580 4019 709 4110 singuli
728 4022 810 4086 sunt
829 4013 872 4083 de
906 4012 1035 4082 sanctis
1054 4010 1228 4101 Dionysio,

178 4135 364 4225 higulpho,
381 4120 492 4220 Gilda,
507 4155 607 4226 quos,
629 4135 714 4204 licet
728 4152 789 4222 pro
809 4129 992 4219 hymnario
1011 4127 1237 4196 paraclitensi

178 4250 222 4319 ab
242 4249 339 4320 initio
366 4251 485 4341 scripti
505 4272 574 4319 non
593 4251 733 4334 luerint,
755 4246 798 4315 ab
818 4242 1014 4312 Abaelardo
1034 4250 1150 4310 tamen
1170 4240 1238 4308 lac·
