2992 5048
641 433 674 446 -
696 405 801 460 lez-

619 664 622 670 ¹
659 578 782 648 axxu

633 717 678 770 Ad
694 717 816 770 Laudes.

281 880 314 948 l.
415 879 657 967 Apostolorum
676 888 814 968 pociora

458 993 604 1061 Divinus
619 992 757 1080 replens
775 991 919 1080 spirilus

419 1107 530 1176 Corda
550 1107 636 1175 ditat
656 1107 839 1191 senleolia,
865 1190 867 1194 ,

456 1221 610 1311 Linguae
629 1221 775 1310 loquelis
794 1221 967 1290 omnihus,

324 1338 467 1406 Summa
487 1355 622 1404 summo
642 1336 750 1424 regi*
770 1335 839 1403 Deo
859 1336 904 1404 sil
922 1334 1044 1426 gloria,

412 1451 518 1538 Cujus
532 1458 657 1519 cuncla
674 1451 690 1488 *
709 1450 904 1520 subsisluul
922 1451 1045 1540 gralia,

411 1567 460 1634 Ex
477 1586 556 1656 quo,
573 1587 761 1656 perquem,
782 1569 798 1605 *
816 1567 851 1633 iu
869 1584 937 1656 quo
956 1575 1037 1634 sunt
1056 1563 1183 1632 omnia.

282 1764 316 1829 2.
418 1763 462 1830 Ul
482 1761 649 1851 superbos
668 1760 880 1850 disperserat

460 1876 613 1966 linguae
627 1876 801 1965 quondam
819 1875 953 1961 divisio,

418 1993 475 2062 Sio
494 1991 641 2059 humiles
654 2013 747 2060 nuno
765 2002 931 2084 aggregat

461 2107 685 2174 Diversarum
699 2106 864 2174 collectio.

329 2224 474 2291 Summa
494 2241 628 2288 summo
648 2223 721 2309 regi
739 2222 754 2258 *
774 2221 843 2289 Deo
857 2223 902 2288 sil
917 2220 1038 2310 gloria,

418 2337 526 2422 Cujus
542 2345 665 2405 euncla
683 2335 699 2370 *
717 2335 913 2404 subsistunt
931 2335 1056 2424 gualia,

416 2451 467 2516 Ex
487 2469 566 2537 quo,
588 2470 649 2538 per
672 2470 786 2538 quem,
806 2453 822 2489 *
842 2451 877 2517 iu
896 2469 963 2539 quo
983 2455 1065 2517 sunt
1083 2448 1210 2516 omnia.

283 2644 318 2711 3.
422 2641 571 2709 Laudari
590 2641 718 2731 linguis
737 2641 897 2709 omnibus

464 2757 508 2824 El
528 2756 718 2845 praedicari
737 2755 856 2824 debuit

424 2873 461 2939 lu
481 2873 615 2940 eunctis
633 2871 753 2940 muudi
773 2870 941 2960 parlihuS.

462 2990 526 3067 Qui
547 2989 619 3074 has,
634 2988 826 3091 quiounola
845 2987 1008 3071 condidit,

329 3105 473 3174 Summa
484 3123 617 3171 summo
632 3100 734 3192 regi*
750 3102 819 3170 Deo
838 3102 883 3170 sil
901 3101 1023 3191 gloria,

422 3215 530 3301 Cujus
545 3221 666 3283 cuncta
683 3219 700 3255 ’³
718 3214 913 3282 subsistunt
931 3213 1069 3302 gralia,'

419 3326 470 3393 Ex
485 3346 564 3415 quo,
588 3330 792 3415 perquem*
812 3326 847 3392 in
866 3344 934 3414 quo
952 3331 1034 3393 sunl
1052 3324 1179 3392 omnia.

285 3510 318 3585 l.
411 3518 517 3587 Joelis
534 3519 768 3588 testimonium

466 3632 680 3722 Complelum
700 3654 775 3703 esse
793 3633 965 3718 novimuS‚

415 3746 540 3816 Peleus
556 3749 837 3817 calumniantium

464 3863 560 3942 Quod
581 3865 720 3954 oppouil
739 3864 936 3934 latialibus.

331 3975 474 4044 Summa
494 3999 628 4050 summo
651 3982 723 4070 rogi
742 3985 758 4020 *
777 3981 846 4051 Deo
860 3980 908 4049 sil
923 3977 1046 4069 gloria,

418 4093 525 4183 Cujus
544 4107 667 4167 cuncta
686 4096 917 4167 *subsistunt
931 4093 1056 4186 gratia,

417 4209 468 4276 Ex
488 4232 568 4301 quo,
589 4214 802 4304 perquem*
821 4213 856 4283 in
875 4231 943 4304 quo
962 4215 1044 4280 suni
1062 4208 1188 4278 omnia.
