2992 5048
671 400 829 457 ..153-

250 521 445 580 adnotanda:
469 523 606 593 matrum
628 523 813 614 hymnorum
839 521 1075 580 xxx-XXXIII.
1092 520 1130 578 ad
1154 520 1276 577 schema

215 618 388 690 subjectum
400 621 448 675 ast
464 617 709 676 conformatum:

259 1369 330 1437 1,1.
347 1368 448 1425 Verbo
459 1368 590 1426 verbum
603 1368 692 1438 virgo
708 1367 858 1439 concepit,
869 1368 941 1439 quia
954 1368 1047 1425 verbo
1058 1367 1160 1438 angeli
1181 1366 1277 1424 credi·

220 1465 275 1523 dit.
290 1467 389 1537 Atque
402 1465 452 1522 hic
465 1466 590 1537 quidem
604 1467 751 1537 loquendi
765 1465 873 1524 modus
886 1480 923 1522 ex
935 1464 1142 1524 usitatissimis
1160 1467 1216 1522 est.
1234 1466 1280 1521 lta

219 1565 319 1623 Guido
333 1581 351 1623 a
365 1567 542 1624 Basochiis:

474 1744 587 1797 Laudes
599 1745 876 1811 canamusvirginis,

522 1831 599 1892 Quae
615 1847 766 1883 arnone
783 1846 839 1885 non
852 1831 970 1892 semine,

522 1921 546 1970 Α
562 1920 622 1973 Deo
634 1935 691 1972 non
705 1921 741 1972 ab
751 1919 867 1973 homine

474 2008 521 2059 Fit
529 2008 583 2061 Dei
598 2012 686 2060 mater
701 2009 836 2060 hominis.

224 2225 231 2234 .
265 2169 349 2229 Idem
361 2172 492 2245 proinde
509 2173 558 2228 hic
581 2171 725 2243 loquendi
745 2185 822 2228 usus
846 2170 994 2240 significat
1015 2173 1106 2242 atque
1119 2170 1206 2238 alter,
1222 2163 1283 2240 qua

227 2279 310 2324 aare
324 2269 503 2341 concepisse
513 2269 602 2338 virgo
617 2268 738 2337 dicitur,
754 2268 834 2323 utin
857 2267 1015 2324 notissimo
1034 2266 1099 2336 illc,
1115 2266 1168 2338 qui
1184 2267 1280 2321 Bona-

221 2367 373 2422 venturae
385 2364 479 2421 tribui
493 2367 581 2436 solet,
597 2366 709 2436 hymno
726 2381 734 2419 :

505 2541 609 2604 Gaude,
624 2541 704 2606 virgo
720 2543 811 2592 mater
823 2540 941 2599 Christi,

504 2628 580 2689 Quae
594 2643 644 2695 per
656 2643 758 2681 aurem
772 2629 927 2694 concepisti

567 2716 696 2769 Gabriele
706 2717 817 2769 nuntio.

259 2892 403 2950 Similiter
415 2894 448 2950 in
463 2895 632 2966 sequentia,
645 2908 737 2967 quam
748 2894 870 2950 Monius
885 2894 934 2967 (11,
945 2895 990 2966 63)
1004 2910 1041 2952 er
1050 2895 1160 2953 Codice
1172 2899 1282 2955 Cacsa-

220 2987 318 3045 riensi
329 2989 426 3047 edidit
441 3007 449 3045 :

374 3159 464 3216 Auris
476 3162 503 3210 et
516 3173 598 3210 mens
610 3161 708 3225 pervia
726 3160 786 3213 Deo
801 3165 868 3212 sunt
883 3162 1040 3227 ingressus,

375 3248 439 3299 Non
456 3251 553 3313 patent
569 3251 699 3316 vestigia,
712 3250 817 3315 quibus
827 3254 871 3302 est
886 3263 1029 3316 egressus.

242 3428 362 3506 'Neque
374 3435 411 3491 ab
428 3436 487 3492 hcc
499 3436 640 3494 diversus
655 3440 702 3493 est
715 3437 833 3508 modus,
850 3451 909 3508 quo
922 3437 1073 3506 virginem
1094 3436 1157 3508 fide
1174 3449 1282 3492 conce-

216 3530 312 3603 pisse,
328 3535 432 3602 patrcs
444 3534 561 3604 passim
583 3549 618 3590 ac
633 3534 761 3590 maxime
779 3533 967 3603 Augustinus
988 3533 1090 3590 dicere
1112 3547 1282 3591 consueve-

215 3631 301 3685 runt.
316 3627 412 3698 ciuus
427 3631 601 3701 exemplum
615 3631 707 3686 habes
723 3632 817 3687 Serm.
834 3631 879 3686 45.
896 3628 933 3685 de
945 3628 1054 3686 Verbis
1069 3628 1166 3685 Isaiae
1181 3629 1279 3699 (aaa)

216 3737 247 3780 11.
262 3725 305 3780 6:
328 3743 343 3775 α
357 3725 396 3780 ut
410 3739 450 3781 ne
463 3728 640 3783 contemnas
657 3744 664 3782 z
681 3728 912 3784 Generationem
938 3725 1005 3797 eJ‘us
1023 3726 1093 3798 quis
1111 3723 1277 3782 enarrabit.

218 3822 315 3888 Quam
327 3821 581 3891 generationem?
594 3827 672 3881 Ante
686 3825 847 3881 luciferum
861 3824 953 3894 genui
966 3828 1007 3880 te.
1021 3827 1100 3881 Eoos
1113 3837 1175 3880 una
1190 3836 1282 3892 geue·

214 3918 294 3975 ratio
311 3933 319 3972 ε
332 3921 412 3975 Ante
424 3919 599 3990 luciferum,
616 3923 686 3977 ante
701 3922 812 3990 omnia,
823 3921 989 3992 quaefacta
1001 3922 1082 3990 sunt,
1094 3922 1164 3976 ante
1174 3932 1280 3975 omnes

216 4017 354 4087 angelos,
378 4019 450 4073 ante
472 4031 593 4074 omnem
621 4021 803 4076 creaturam.
822 4017 944 4087 Quare?
959 4018 1034 4097 Quia
1049 4017 1150 4074 omnia
1165 4031 1223 4088 per
1234 4016 1282 4089 ip-

217 4127 286 4170 sum
305 4112 385 4171 iacta
409 4114 571 4171 suntsed
592 4114 672 4173 forte
697 4116 831 4173 secunda
845 4115 912 4186 ejus
936 4116 1091 4186 generatio
1111 4111 1281 4172 narraturi

219 4209 291 4278 Quis
302 4209 388 4267 illam
398 4209 522 4267 narrati
531 4209 602 4269 rire
613 4212 790 4284 concipitur,
797 4216 950 4272 masculus
963 4228 1024 4270 non
1037 4212 1161 4282 accedit,
1173 4216 1281 4270 uterus
