2992 5048
685 435 846 490 -118-

726 668 801 737 LIII

675 832 720 884 Ad
733 794 853 885 Laudes.

278 1053 311 1120 t.
366 1052 499 1122 Dormit
517 1054 582 1122 hoe
597 1052 709 1122 triduo
726 1055 743 1091 *¹
762 1055 870 1124 ieonis
889 1055 1041 1138 catulus,

329 1218 335 1234 ,
365 1169 463 1239 Sicut
477 1167 694 1259 praedixerat
710 1177 727 1213 *
741 1190 857 1239 sermo
871 1168 1103 1260 propheticae,

369 1287 483 1354 Donec
502 1285 595 1354 hune
607 1284 762 1372 suscitet,
782 1290 799 1326 *¹
817 1287 953 1376 rugitus
967 1287 1114 1377 putriuS,

372 1403 459 1473 Cum
472 1401 548 1471 dIes
562 1403 706 1489 venerit,
721 1414 739 1450 *
757 1424 825 1494 quo
839 1403 878 1471 fit
892 1401 967 1486 huc,
985 1402 1121 1471 tertius.

284 1655 317 1720 ἓ.
372 1653 458 1723 Avis
476 1655 645 1725 mirabilis
662 1666 679 1703 *
695 1656 842 1745 phoenix
856 1662 891 1724 et
911 1656 1028 1740 unica,

372 1771 482 1850 Quem
500 1778 534 1840 et
552 1771 612 1840 qu
626 1778 775 1862 reperet,
795 1773 812 1809 *
830 1780 869 1839 ut
880 1770 1006 1855 ierunt,
1029 1769 1143 1854 tertie,

372 1881 448 1951 Nou
467 1883 583 1953 minus
597 1885 730 1975 peragit
746 1883 906 1953 *Christi
928 1882 1097 1974 mysteria

373 1996 437 2065 Vel
452 1999 708 2088 resurgentium
723 2000 740 2036 *
757 1997 926 2088 promittit
940 1996 1080 2087 gaudie.

288 2279 321 2302 ι.
378 2236 473 2304 Haec
486 2254 566 2304 cum
582 2233 786 2304 insumere*
801 2236 948 2305 formum
964 2236 1210 2325 resumpserit,

374 2349 527 2437 Aiesque
549 2348 712 2437 pristinus
727 2351 900 2418 *rursum
918 2349 1084 2435 induerit,

377 2459 501 2530 Voletu
515 2460 615 2530 solito
632 2463 648 2502 *
661 2482 698 2530 se
710 2482 851 2530 sursum
864 2463 981 2554 effigit,

377 2574 466 2644 Cum
476 2574 589 2644 melus
607 2576 711 2645 etium
727 2576 914 2646 *Christus
925 2575 1136 2646 ascenderit.

312 2877 320 2892 .
378 2826 490 2895 Sexus
510 2834 563 2896 est
574 2828 745 2917 comperis
762 2833 779 2869 *
797 2827 882 2896 haee
900 2827 976 2895 evis
991 2830 1119 2911 nescia,

379 2940 477 3008 Sicut
490 2947 544 3008 est
562 2941 663 3009 uuicu
680 2942 758 3010 *sic
777 2962 914 3029 semper
928 2940 1079 3028 integre,

378 3053 611 3125 Similitudiue
627 3058 644 3094 *
661 3055 790 3130 Christi
804 3055 1005 3145 pIeuiSsime
1092 3119 1096 3123 ,

379 3145 606 3241 Transcendit
622 3181 639 3216 *
653 3171 781 3241 bestius
793 3180 828 3240 et
839 3171 1005 3241 volatilia.

303 3415 325 3477 “.
380 3413 433 3480 Tu
451 3412 514 3481 tibi
528 3414 704 3502 computi*
722 3413 772 3481 sle
781 3412 836 3481 fue
850 3432 925 3498 nos,
941 3410 1102 3494 Domine,

378 3505 473 3595 Tuae
489 3527 672 3617 partiripes
688 3538 705 3573 *
720 3534 758 3596 ut
772 3528 881 3596 simus
894 3526 1039 3617 gloriae,

378 3642 437 3713 Sic
451 3663 616 3733 praeseus
641 3642 793 3712 triduum
809 3646 826 3682 ⁸
843 3643 988 3712 intuetu
1003 3641 1145 3723 ducere,

379 3761 426 3841 Ut
445 3759 555 3830 risum
573 3760 707 3830 tribues
723 3767 740 3803 *¹
758 3759 931 3849 paschatis
949 3758 1099 3848 gratiae.
