2992 5048
584 834 692 902 Fran
722 854 887 910 socnnnn„

639 971 685 1024 Ad
701 975 851 1040 vesperas.

222 1192 256 1260 1.
317 1193 479 1264 Secunde
500 1193 663 1265 desinit*
686 1202 785 1265 eelos
802 1195 837 1264 in
856 1196 1034 1266 Abrohom

301 1305 351 1377 Ae
370 1308 399 1377 si
416 1310 489 1398 jam
507 1315 653 1378 venium
668 1309 748 1376 sit*
769 1308 813 1378 od
833 1311 1028 1400 pueritiam,

303 1419 377 1492 Non
395 1421 484 1491 hono
501 1422 702 1491 diluvium*
721 1430 870 1493 aetatem
884 1423 1002 1507 diluit,

304 1536 391 1605 Cum
410 1536 612 1628 pueritiae*
631 1538 781 1627 quisque
801 1539 1010 1608 meminerit.

216 1733 250 1800 2.
309 1731 382 1800 Hae
400 1732 657 1801 firmamentum
676 1739 729 1800 est
746 1735 763 1772 *
781 1732 817 1799 in
837 1732 892 1801 die
910 1732 1098 1818 conditum,

303 1847 350 1917 Ut
368 1867 476 1935 equos
491 1845 646 1916 dividat*
664 1845 718 1915 his
733 1847 988 1937 interpositum,

305 1961 336 2030 A
355 1961 665 2051 compluentibus*
683 1968 717 2029 et
735 1960 985 2032 inundantibus

305 2076 417 2165 Aquis
436 2073 636 2144 consuluit*
653 2095 733 2144 orca
752 2074 923 2145 fidelibus.

237 2266 251 2338 ’.
309 2268 387 2337 Non
406 2267 467 2336 Dei
481 2268 681 2358 *populum*
700 2267 784 2337 haee
802 2275 897 2337 aetas
915 2270 1046 2358 genuit,

309 2384 413 2472 Legis
427 2383 611 2452 instructio
630 2385 646 2420 *
670 2404 749 2452 cum
764 2383 920 2452 nondum
937 2385 1053 2469 suerit,

306 2494 379 2564 Nee
397 2494 491 2563 vires
510 2500 727 2585 suppetunt*
745 2494 908 2583 gignendi
927 2515 1031 2584 puero

305 2610 381 2680 Etsi
401 2610 626 2679 memoriam*
640 2611 715 2697 jam
733 2610 848 2678 firmet
866 2608 992 2678 animo.

239 2860 248 2878 .
307 2809 392 2878 Post
405 2807 520 2877 lucem
539 2807 642 2875 fidei*
655 2826 733 2895 spes
757 2825 820 2875 nos
839 2806 1038 2875 corroborat

304 2923 350 2992 Et
366 2922 445 3010 jam·
460 2920 504 2989 ed
523 2919 624 2989 sortia
642 2922 659 2958 *
678 2919 874 2987 credentem
889 2919 1029 3004 animat,

306 3041 352 3110 Ut
369 3059 431 3128 spe
446 3037 673 3106 coelestium*
690 3042 724 3104 et
738 3055 842 3103 verae
860 3035 992 3124 gloriae

302 3154 381 3222 Jem
400 3158 523 3226 ennete
544 3149 665 3219 toleret
682 3144 698 3179 '¹‘
715 3147 820 3236 hujus
839 3148 1009 3217 miseriae.

222 3349 256 3416 5.
315 3344 466 3414 Perenni
482 3339 655 3413 Domino*
672 3361 795 3432 perpes
810 3341 855 3410 sit
872 3340 994 3431 gloria,

308 3462 360 3530 Ex
370 3478 440 3549 quo
451 3466 545 3544 sunt,
558 3477 732 3548 perquem
742 3455 863 3543 sunt,*
876 3456 911 3524 in
927 3475 994 3546 quo
1005 3463 1088 3525 sunt
1100 3456 1236 3525 omnio:

308 3577 360 3644 Ex
378 3595 447 3664 quo
464 3581 558 3659 sunt,
579 3581 678 3662 pater
696 3578 760 3653 est,
775 3571 792 3607 *
806 3591 984 3661 perquem
997 3577 1091 3657 sunt,
1108 3569 1215 3655 filino,

309 3691 349 3760 in
363 3711 432 3781 quo
446 3696 540 3776 sunt,
561 3688 669 3780 patris
687 3695 722 3757 et
735 3695 751 3731 *
764 3685 830 3754 nlii
850 3685 1005 3777 spiritus,
