2992 5048
666 408 831 466 ,464-

243 537 272 604 2,
287 535 303 591 l
318 547 387 606 sqq.
401 537 475 592 Tres
489 533 547 591 boc
561 535 629 592 loco
644 535 768 594 ordines
784 534 1037 607 hymnographus
1053 533 1086 590 in
1100 532 1287 592 christiano

211 631 349 688 exercitu
362 630 532 703 distinguit,
543 631 718 702 signiferos,
733 630 858 702 milites,
868 630 1008 703 pedites3
1021 621 1179 702 apostolos
1194 631 1290 689 vide·

211 727 295 800 licet,
310 730 472 798 martyres,
487 713 691 785 confessores.
708 711 806 786 Simili
817 728 907 793 modo
923 728 991 800 ipse
1004 727 1186 786 Ambrosius
1196 741 1289 786 mar-

211 826 296 896 tyres
308 825 432 897 milites,
446 825 508 883 imo
522 826 616 885 duces
630 827 768 884 nominat
780 827 923 899 (Biraghi,
933 827 1000 883 inni
1008 826 1137 902 sinceri,
1153 841 1187 899 p.
1200 827 1289 894 todi:

524 995 716 1058 Eccleslarum
730 995 886 1059 principes,

523 1083 597 1135 Belli
609 1083 798 1149 triumphales
812 1083 910 1141 duces,

529 1171 663 1223 Caelestis
672 1170 869 1223 aulsemilites

524 1261 637 1313 Etvcra
651 1259 752 1312 mundi
766 1261 886 1312 lumino.

247 1440 337 1508 ‘Quod
346 1454 422 1498 vero
434 1439 623 1498 Abaelardus
637 1439 752 1497 milites
767 1453 841 1497 suos
854 1437 1010 1511 peditibus
1019 1438 1165 1510 opponat,
1180 1439 1297 1508 aperte.

214 1525 339 1610 iudicat,
354 1553 389 1596 se
408 1537 514 1596 militis
528 1552 637 1595 vocem
664 1529 702 1595 eo
715 1552 810 1595 sensu
837 1537 1023 1606 intelligere,
1044 1549 1106 1607 quo
1121 1549 1178 1593 suo
1207 1517 1311 1592 tem-'

214 1651 291 1711 pore
304 1636 506 1694 communiter
519 1634 730 1718 adhibebatur.
750 1634 841 1691 Miles
859 1635 942 1692 enim
966 1633 1068 1691 medio
1097 1646 1175 1691 aevo
1191 1631 1283 1704 equi-

215 1738 288 1806 tem,
303 1735 407 1792 rirum
418 1734 485 1792 dico
511 1733 645 1792 nobilem
659 1721 752 1806 atque
767 1733 884 1791 ordinis
911 1732 1064 1805 equestris
1080 1730 1289 1802 significabat.

218 1832 307 1892 Unde
319 1835 350 1890 et
362 1831 511 1902 signiferi
525 1832 619 1888 simili
646 1831 738 1889 mod'o
761 1831 931 1904 accipiendi
960 1833 1053 1899 sunt;
1082 1843 1137 1887 eos
1167 1829 1290 1887 scilicet

216 1929 404 1989 Abaolardus
419 1928 538 1987 nobiles
549 1929 634 1987 viros
648 1929 797 2000 insinuat,
810 1929 923 2001 quibus
945 1942 1024 1986 usus
1035 1927 1155 2000 proprii
1176 1926 1287 1984 vexilli

218 2024 450 2095 concedebatur,
480 2024 596 2097 quique
622 2024 799 2094 vexilliferi,
829 2023 1005 2094 germanice
1032 2022 1290 2080 Bonnerberrcn

219 2121 406 2180 dicebantur.
435 2121 523 2178 Unde
550 2120 609 2177 sub
634 2121 756 2178 cbristo
769 2119 910 2191 principe
926 2120 966 2190 (t,
979 2121 1020 2190 2),
1037 2119 1118 2177 sicut
1144 2119 1178 2174 iu
1199 2117 1293 2181 omni

218 2217 354 2276 exercitu
365 2217 455 2274 istius
465 2216 613 2288 temporis
626 2216 762 2285 videbat,
774 2214 967 2273 vexilliferos
981 2217 1148 2287 apostolos,
1163 2213 1285 2287 equites

219 2316 380 2384 martyres,
395 2312 515 2385 pedites
527 2325 604 2369 vero
618 2310 813 2369 confessores
826 2310 1003 2380 distinguit.

256 2407 422 2464 Lxxxvl.
436 2408 471 2475 Β,
486 2404 540 2461 fol.
552 2404 628 2474 cab,
656 2406 689 2474 d,
704 2402 759 2460 fol.
774 2402 872 2474 boib.
887 2435 925 2446 -
943 2401 1100 2461 Lccdonss
1116 2401 1290 2459 variantes:

219 2505 249 2573 2,
264 2503 293 2573 3,
306 2501 455 2574 prodigis,
470 2503 504 2557 B.
519 2530 555 2541 —
568 2500 744 2557 Adnotanda
758 2518 765 2557 z
780 2502 809 2571 2,
825 2503 852 2556 t.
868 2503 951 2557 Haec
977 2499 1015 2557 ad
1028 2499 1142 2556 Psalmi
1172 2499 1232 2572 (75,
1260 2501 1294 2568 2)

220 2597 317 2654 verba
330 2595 472 2654 alludunt
486 2613 494 2651 ε
510 2613 525 2650 c
540 2596 642 2653 Notus
661 2595 697 2651 in
710 2596 839 2653 Iudaea
849 2598 943 2664 neus,
964 2594 1001 2651 in
1013 2597 1117 2652 Israel
1132 2607 1294 2664 magnum

221 2707 342 2752 momen
356 2694 523 2761 ejus-»Q
535 2692 561 2749 3.
574 2693 636 2749 cn.
651 2694 704 2749 Ps.
718 2694 763 2762 18,
775 2694 794 2749 5
808 2695 930 2763 etquae
939 2692 972 2747 in
986 2692 1069 2749 hunc
1079 2692 1179 2748 locum
1191 2690 1295 2760 scrip·

219 2794 310 2848 turae
324 2789 481 2846 adnotavit
490 2789 679 2859 Augustinus
695 2807 701 2844 :
718 2805 732 2842 ι
747 2789 777 2844 Si
793 2801 866 2857 ergo
894 2787 1026 2858 apostoli
1051 2788 1134 2856 suut,
1158 2799 1294 2858 quorum

219 2885 253 2954 in
271 2883 413 2941 omnibus
441 2884 573 2955 loquelis
602 2899 662 2940 vox
672 2884 781 2941 audita
795 2886 852 2954 est,
868 2882 928 2954 ipsi
944 2885 1027 2952 sunt,
1044 2882 1082 2941 dc
1097 2881 1211 2955 quibus
1225 2881 1294 2939 dic·

219 2985 286 3039 tum
311 2985 368 3051 est,
394 2982 427 3037 in
455 2994 576 3038 omnem
603 2983 719 3037 terram
739 2980 813 3036 exiit
838 2992 941 3037 sermo
969 2993 1105 3045 eorum13
1130 2978 1205 3050 quia
1233 2978 1294 3034 etsi

220 3073 371 3145 assumpti
388 3073 460 3129 hinc
479 3076 561 3143 sunt,
578 3076 744 3144 antequam
759 3073 891 3128 ecclesia
902 3072 1048 3143 impleret
1062 3071 1168 3140 orbem
1194 3074 1294 3128 terra·

219 3183 300 3239 rum,
314 3172 418 3227 tamen
431 3169 527 3227 verba
541 3184 648 3227 corum
660 3172 872 3242 pervenerunt
884 3183 986 3240 usque
1001 3169 1040 3227 ad
1048 3168 1197 3225 terminos
1209 3167 1294 3225 orbis

220 3271 321 3324 terrac
332 3286 359 3323 i).
372 3270 479 3325 ituarr.
493 3269 526 3324 in
540 3270 589 3325 Ps.
606 3269 641 3325 88
653 3282 746 3325 serm.
759 3268 785 3323 1.
797 3282 828 3324 n.
840 3268 908 3322 3.-
918 3267 946 3338 3,
963 3268 977 3324 1
995 3266 1130 3341 Cum-bis
1143 3279 1223 3338 quae
1235 3266 1295 3322 hoc

220 3365 289 3423 loco
304 3364 342 3422 de
365 3364 505 3422 omnibus
531 3365 679 3436 apostolis
707 3368 814 3421 auctor
841 3367 950 3422 noster
977 3363 1083 3432 tradit,
1106 3361 1295 3421 conferenda

216 3467 307 3532 sunt,
322 3476 401 3535 quae
421 3465 565 3520 Sermone
590 3464 704 3520 Xlllll.
720 3462 759 3519 de
788 3462 902 3519 sanctis
915 3463 1007 3518 Petro
1020 3459 1064 3517 'et
1091 3459 1186 3516 Paulo
1195 3457 1293 3515 dicit:

211 3577 239 3609 ·«
253 3556 340 3616 Unde
353 3557 469 3614 factum
480 3561 537 3627 est,
548 3560 584 3614 ut
606 3558 815 3626 haeccivitas,
832 3572 851 3613 a
876 3556 996 3613 duobus
1019 3553 1169 3611 fratribus
1196 3554 1294 3610 Remo

220 3655 366 3712 videlicet
379 3657 410 3712 et
422 3654 551 3712 Romulo
563 3656 651 3726 prius
665 3654 833 3725 aedificata,
845 3655 940 3711 multo
951 3653 1074 3710 felicius
1089 3665 1108 3708 a
1120 3649 1294 3720 majoribus

219 3750 367 3811 fratribus
392 3753 527 3808 Petroet
541 3752 635 3808 Paulo
660 3751 907 3824 sitpostmodum
932 3751 966 3808 in
993 3749 1115 3809 christo
1143 3746 1291 3806 fundata.

221 3847 276 3905 ilis
291 3846 411 3905 duobus
437 3851 502 3905 tota
523 3848 685 3906 distributa
699 3852 747 3905 est
760 3849 868 3918 gratia,
896 3862 975 3918 quae
998 3846 1036 3904 ad
1062 3847 1159 3903 totius
1182 3844 1296 3902 mundi

219 3945 403 4004 effusionem
418 3945 582 4018 sufficeret,
611 3960 679 4004 cum
693 3948 803 4003 Petrus
818 3946 850 4002 iu
863 3944 1027 4015 miraculis,
1042 3944 1159 4002 Paulus
1173 3940 1294 4000 emine·

219 4046 267 4100 ret
281 4043 314 4100 in
326 4041 437 4101 verbis.
450 4044 690 4112 Quae‘videlicet
703 4044 764 4102 duo
792 4043 859 4116 ipss
879 4044 994 4102 Paulus
1013 4042 1207 4112 distinguens
1223 4039 1268 4096 ait
1287 4062 1297 4103 ς

218 4140 338 4200 iudaei
347 4140 443 4211 mgna
450 4147 604 4212 potenter
620 4140 947 4212 Graeciscpientiom
966 4142 1130 4212 quaerunt
1140 4139 1164 4210 (Ι
1180 4139 1251 4194 Cor.
1267 4135 1296 4207 t,

218 4239 283 4310 22).
