2992 5048
655 423 820 480 -130—

696 653 788 721 LXV

649 818 830 872 nunauues.

382 1043 416 1111 i.
476 1043 564 1110 Cum
578 1042 615 1108 in
637 1042 746 1110 altum
766 1041 968 1111 ascenderet

474 1156 514 1226 Et
535 1157 605 1224 ima
619 1177 740 1226 secum
760 1157 913 1226 traheret

427 1271 693 1362 'triumphantis
710 1273 907 1360 *majestas
926 1272 1075 1354 Domini,

434 1388 717 1458 circumstabant
734 1389 751 1426 *
770 1389 936 1457 rictorem
952 1386 1056 1458 eruti.

384 1611 419 1678 2.
478 1611 637 1699 Superna
660 1610 755 1698 regis
771 1608 897 1677 civitas

476 1724 626 1814 Pompas
640 1725 757 1794 educit
776 1725 911 1809 obvias,

426 1837 537 1906 Chore
551 1845 693 1908 cantant
711 1847 727 1882 *
746 1839 870 1907 victori
889 1837 1006 1927 angeli

432 1954 476 2023 Et
491 1954 648 2023 hosanna
666 1955 821 2023 *salvati
842 1954 970 2044 popuii.

389 2161 422 2229 3.
480 2163 551 2230 iilis
569 2169 745 2252 tamquam
765 2165 1016 2254 quaerentibus

480 2280 525 2348 Et
541 2301 647 2369 super
660 2280 726 2350 hoo
744 2282 965 2366 mirantibus,

437 2394 482 2462 Hi
501 2394 712 2483 respondent
728 2403 744 2439 *
763 2403 796 2463 et
815 2395 1070 2465 alternantibus

437 2509 489 2576 lta
502 2517 644 2576 cantum
661 2505 678 2541 *
698 2510 851 2578 mulcent
866 2509 1105 2578 sermonibus:

386 2736 421 2804 lr.
480 2735 564 2815 Quis
581 2743 634 2806 est
652 2735 718 2804 iste
733 2757 789 2805 res
809 2737 951 2827 gloriae,

484 2850 581 2929 Quod
594 2851 658 2918 boc
672 2850 778 2920 decus
796 2852 993 2921 victoriae?

437 2966 521 3044 Quis
540 2973 593 3034 est
608 2966 672 3034 iste
690 2966 767 3034 *de
786 2965 895 3035 Edem
909 2968 1065 3050 veniens⁷

436 3080 651 3169 Purpureo*
670 3080 797 3150 vestitu
816 3081 995 3150 renitens?

390 3304 424 3373 ὃ.
480 3305 595 3374 Fortis
609 3285 643 3374 εί
666 3314 789 3394 potens
803 3306 970 3374 Dominus

481 3419 715 3509 Triumphans
732 3420 835 3490 victis
850 3419 1021 3502 hostibus

435 3535 541 3603 Manu
555 3535 635 3603 sorti
652 3541 669 3577 *
688 3542 808 3623 potens
826 3535 861 3602 in
877 3536 1005 3623 proelio

438 3647 557 3716 Victor
571 3647 662 3716 redit
681 3652 697 3688 *
716 3647 861 3716 subacto
880 3649 1015 3717 zabulo.
1055 3731 1057 3735 v

388 3879 428 3947 b.
487 3876 541 3949 Sit
559 3878 698 3947 Christo
711 3896 847 3946 summo
866 3877 989 3967 gioria,
1028 3934 1032 3946 .

481 3991 546 4070 oui
562 3992 732 4061 scandens
751 4013 856 4080 super
876 3992 993 4061 sidera
1026 4039 1031 4055 .

436 4109 526 4181 Cum
541 4106 680 4196 spiritu,
702 4104 719 4140 *
743 4127 821 4175 cum
843 4114 943 4196 patre
958 4125 1099 4196 supera,

434 4223 527 4294 Deus
543 4241 647 4306 unus,
668 4220 685 4257 *
706 4223 846 4313 regitat
862 4220 986 4290 infera.
