2992 5048
643 431 787 489 ..10-

180 553 294 622 ditum
319 552 471 642 lugeant.
505 555 557 623 lta
584 555 737 625 Historia
763 556 929 625 Franciae
948 554 1113 636 literaria,
1135 555 1244 638 Pitra,

181 666 253 736 alii.
289 669 494 751 Provocant,
529 670 589 756 qui
618 669 698 740 hnic
733 671 995 759 patrocinantur
1020 647 1174 757 opinioni
1203 669 1246 737 ad

181 803 292 851 unum
311 803 430 851 omnes
449 783 484 851 in
505 784 648 872 epistola
669 786 713 854 ad
745 785 938 854 Hel'oissam
961 784 1088 866 locum,
1113 783 1156 852 de
1174 803 1245 871 quo

180 899 254 984 Jam
273 917 378 986 supra
397 896 527 967 dictum
544 907 577 968 et
596 900 631 967 in
651 921 720 989 quo
742 899 817 969 «de
836 899 952 968 libello
972 898 1123 987 quodam
1142 897 1246 988 hyra-

183 1033 311 1080 norum
328 1013 382 1079 rel
401 1015 662 1101 sequentiarum
680 1041 695 1082 a
713 1037 784 1086 ase
803 1015 988 1105 composito
1001 1023 1116 1084 monet
1134 1013 1247 1084 Abac-

183 1125 316 1195 lardus
347 1127 414 1194 Sed
442 1136 576 1197 tantum
604 1129 716 1215 abest,
739 1138 775 1199 ut
813 1129 869 1197 hic
909 1130 1018 1208 locus,
1047 1127 1139 1219 quod
1172 1128 1249 1196 istis

184 1239 307 1326 placet,
342 1241 489 1326 evincat,
525 1250 563 1310 ut
593 1246 854 1332 sequentiarum
882 1247 918 1309 et
945 1241 1155 1332 hymnorum
1180 1262 1249 1309 non

184 1354 273 1424 duos
304 1355 365 1424 sed
396 1376 503 1423 unum
537 1358 645 1426 luisse
674 1357 800 1426 librum
828 1357 964 1425 innuat.
993 1358 1069 1425 Non
1094 1357 1186 1424 enim
1205 1356 1248 1425 de

184 1470 274 1539 libro
301 1471 509 1560 hymnorum
541 1474 579 1543 et
610 1474 883 1562 sequentiarum,
918 1479 955 1540 ut
986 1491 1169 1560 perperam
1189 1473 1247 1542 isti

186 1585 403 1675 interpretati
422 1595 515 1672 sunt,
527 1589 589 1655 sed
621 1586 664 1656 de
683 1588 773 1656 libro
792 1586 1001 1676 hymnorum
1015 1584 1078 1656 vel
1097 1607 1246 1676 sequeu-

185 1700 313 1768 tiarum
343 1700 393 1767 illi
426 1721 554 1769 sermo.
580 1692 725 1771 Unicum
757 1701 896 1771 missale
925 1701 1160 1770 Paraclitense
1186 1721 1248 1769 seu

185 1814 353 1905 graduale
372 1815 402 1883 si
419 1816 462 1883 ad
479 1825 598 1885 nostra
619 1838 728 1906 usque
744 1826 898 1908 tempora
912 1816 1141 1904 pervenisset,
1164 1815 1248 1905 quid

185 1931 238 1999 rei
257 1931 314 2014 sit,
335 1931 464 1999 eortius
483 1933 698 2020 permitteret
717 1933 871 2002 definire.

232 2047 329 2125 Quod
352 2066 436 2114 vero
456 2049 580 2116 attinet
597 2049 646 2116 ad·
660 2049 925 2118 celeberrimam
944 2057 1013 2119 tolo
1033 2047 1145 2117 medio
1161 2069 1247 2118 aero

186 2160 404 2249 sequentinm
426 2179 434 2229 :
455 2161 558 2229 Mittit
590 2163 636 2229 ad
658 2165 824 2252 oirqiuem
855 2166 934 2232 Non
965 2165 1115 2252 quemvis
1140 2184 1248 2252 anye-

187 2277 273 2360 lnm,
293 2295 398 2364 quara
425 2285 501 2365 post
530 2278 698 2346 tooocnm
730 2279 983 2348 Clichtovaeum
1003 2291 1140 2367 praeter
1159 2279 1248 2348 alios

187 2389 233 2457 H.
253 2389 295 2458 A.
318 2390 437 2458 Daniel
452 2391 680 2461 in'Thesanro
699 2393 942 2482 Hymnologico
960 2391 1156 2461 Abaelardo
1177 2394 1244 2462 tri-

188 2503 278 2588 buit,
300 2504 348 2572 ita
376 2505 750 2596 agenuinis-hymnis
782 2528 860 2575 cum
890 2507 1135 2596 rhythmorum.
1168 2514 1243 2575 tum

189 2624 413 2701 insacietatem
433 2619 566 2688 ratione
585 2639 626 2688 ea
644 2620 800 2700 dissidet,
817 2626 854 2688 ut
874 2621 918 2688 ab
937 2620 1131 2688 Abaelardo
1158 2602 1246 2689 lacta

189 2751 354 2801 essenon
374 2732 474 2801 saeile
493 2734 667 2803 credatur.
691 2733 739 2803 De
756 2736 866 2804 altero
890 2734 1044 2802 carmine
1064 2735 1142 2802 Heli
1169 2732 1247 2819 heli,

189 2846 282 2916 Deus
323 2867 434 2933 meus,
463 2841 507 2916 ab
532 2850 733 2918 auctoribus
762 2849 934 2918 Historiae
971 2849 1147 2918 literariae
1180 2868 1248 2917 non

188 2967 305 3028 temen
331 2961 408 3029 sine
432 2962 548 3051 aliqua
578 2963 805 3030 haesitatione
828 2962 940 3029 eidem
959 2962 1152 3051 adsignato,
1179 2981 1248 3029 non

189 3081 243 3143 est
261 3096 324 3144 cur
339 3075 464 3160 dicam,
485 3097 565 3145 cum
586 3097 660 3145 rem
678 3077 875 3145 definivisse
898 3075 1057 3145 videatur
1083 3076 1123 3143 B.
1151 3075 1248 3144 Hau-

188 3189 275 3257 re'au
305 3190 339 3257 in
369 3191 516 3259 Libro«
550 3193 611 3258 Les
643 3191 807 3279 Meianqes
833 3191 1004 3280 poetiques
1044 3190 1248 3257 d’Ht‘ldcbert

188 3304 230 3371 de
248 3305 422 3372 Lunardin
443 3327 475 3388 n,
492 3325 531 3395 p.
553 3307 610 3390 72,
628 3325 703 3394 sqq.
1196 3368 1198 3372 Α

234 3415 314 3483 Jam
331 3416 415 3504 quid
435 3417 501 3486 sihi
529 3419 644 3486 meriti
671 3418 856 3502 vindicent,
876 3437 962 3506 quos
981 3418 1108 3486 edituri
1126 3436 1249 3485 sumus

189 3531 324 3620 hymni,
340 3532 533 3600 videamus.
555 3533 619 3602 Cui
644 3531 835 3621 quaestioni
854 3536 892 3599 ut
910 3531 1060 3601 satisfiat
1079 3529 1166 3598 illud
1183 3529 1250 3597 im·

188 3643 313 3733 primis
332 3646 680 3734 praetermittendum
699 3665 767 3712 non
800 3651 864 3730 est,
896 3643 1004 3712 luisse
1022 3643 1164 3732 quidem
1182 3642 1250 3709 ali·

187 3776 289 3846 quos,
309 3757 369 3847 qui
398 3758 507 3829 libros
532 3760 792 3849 sequentiarum
821 3757 975 3846 integros
1003 3754 1187 3841 ediderint,
1210 3761 1249 3824 ut

186 3870 383 3940 Notkerum
420 3873 617 3958 Balbulum,
655 3872 829 3940 Adamum
861 3869 1090 3955 Victorinum,
1114 3867 1205 3937 alios
1235 3895 1245 3954 ;

187 3985 363 4055 neminem
383 4009 466 4058 vero
499 4010 652 4081 unquam
689 3984 910 4074 hymnarium
929 4005 971 4052 ex
990 3984 1126 4073 integro
1164 4003 1247 4052 con-

184 4096 269 4167 dere
287 4109 428 4189 praeter
447 4124 557 4171 unum
575 4110 763 4172 attentasse
785 4097 1032 4167 Abnelardnm.
1069 4097 1248 4167 Ambrosii

185 4213 277 4280 enim
293 4210 413 4304 hymni
426 4217 607 4308 pauciores
620 4223 713 4303 sunt,
725 4233 828 4304 quam
844 4212 904 4302 qui
919 4211 1092 4302 hymnarii
1110 4210 1249 4281 nomine
