2992 5048
454 897 492 966 ln
515 897 721 968 Pnnnscsvn
744 899 883 968 Dournr.

452 1171 457 1183 ι
553 1097 586 1146 ln
598 1095 610 1146 1
621 1095 777 1147 Noctuine.

161 1371 169 1386 .
223 1320 306 1390 Haeo
324 1338 403 1406 uox,
421 1319 612 1406 carissimi,¹
624 1318 641 1354 *¹
655 1339 724 1389 nox
743 1319 802 1390 illa
822 1320 961 1402 debilis,

224 1435 298 1514 Qua
314 1433 621 1524 comprehenditur
637 1432 654 1468 *¹
672 1435 747 1504 dies
767 1457 788 1505 a
808 1435 974 1523 tenebris,

225 1550 298 1620 Piis
316 1548 500 1620 fidelium*
518 1558 573 1619 est
594 1551 697 1639 plena
713 1550 880 1638 lacrimis,

226 1667 345 1756 Aquas
364 1666 526 1736 imanitas
538 1665 556 1701 *
573 1665 748 1756 compellit
766 1666 925 1736 sceleris.

164 1962 173 1981 .
228 1911 303 1981 Hac
317 1917 416 1982 nocte
434 1909 623 2002 proditor*
642 1918 695 1980 est
714 1931 776 1999 per
790 1931 828 1981 se
844 1912 1017 2001 proditus,

231 2023 297 2105 Qui
314 2025 418 2115 lupus
431 2025 549 2095 'iuerat
566 2021 583 2057 *¹
600 2026 790 2114 permixtus
806 2025 942 2110 ovibus,

229 2143 352 2232 Agnus
370 2142 414 2211 ad
432 2141 642 2211 victimam*
663 2161 726 2229 per
743 2142 863 2231 lupum
883 2142 1050 2227 traditus,

227 2256 348 2326 Scelus
367 2255 560 2325 antidotum
577 2257 595 2293 *
612 2255 692 2326 fecit
706 2255 910 2325 sceleribus.

164 2552 172 2566 .
230 2499 319 2567 Dum
338 2517 478 2566 sacrum
491 2496 674 2566 celebrat*
692 2496 857 2566 Christus
876 2497 1082 2588 mysterium

228 2613 398 2702 Egressus
414 2609 561 2680 traditor
578 2610 595 2646 *¹
613 2618 774 2680 sanctum
797 2611 983 2701 collegium

228 2726 282 2796 Ad
301 2746 448 2817 pravum
466 2732 655 2816 congregat
671 2730 688 2766 *
707 2746 835 2815 pravos
853 2726 1059 2812 eonsilium„

232 2844 277 2912 Ut
294 2841 349 2910 his
364 2842 399 2910 in
413 2841 524 2932 pretio
537 2840 554 2876 *
567 2840 626 2910 det
645 2840 765 2909 mundi
782 2841 951 2932 pretium.

142 3087 173 3152 l.
228 3086 281 3153 Tu
297 3083 361 3153 tihi
379 3084 526 3171 compati
549 3081 626 3149 *sit
644 3082 697 3150 fac
711 3099 791 3164 nos,
809 3080 967 3165 Domine,

230 3201 314 3269 Tuae
328 3196 512 3289 participes
529 3205 546 3241 *
564 3201 603 3265 ut
620 3195 729 3266 simus
747 3194 890 3284 gloriae,

232 3315 290 3385 Sic
305 3332 461 3404 praesens
480 3311 668 3380 triduum*
686 3310 722 3376 in
739 3311 837 3378 luctu
855 3308 996 3392 ducere,

232 3433 277 3500 Ut
292 3429 401 3498 risum
417 3426 581 3498 tribuas*
598 3424 770 3516 paschalis
787 3425 933 3514 gratiae.
