2992 5048
661 413 822 469 -157-

213 534 387 603 inundavit,
403 534 663 607 quodmandavit,
682 539 716 606 B,
733 536 820 607 quod,
830 535 968 606 sequitur
978 533 1071 590 Pitra.
1083 560 1119 575 -
1134 534 1163 603 6,
1179 535 1206 604 i,
1219 547 1277 606 per

215 633 350 700 saecuta,
363 634 386 687 B
401 634 422 689 C
436 649 444 698 ;
459 633 625 701 legendum
640 635 744 690 tamen
758 634 877 702 saecla,
888 630 973 701 ‘quod
983 631 1013 686 et
1025 643 1171 688 numerus
1183 633 1277 702 sylla-

213 728 324 784 barum
338 728 369 781 et
382 725 516 796 rhythmi
528 728 607 784 ratio
622 741 659 783 ex
672 727 814 796 analogia
825 738 973 783 versuum
988 725 1106 795 parium
1120 724 1222 795 exigit.

250 822 423 882 Adnoteuda
439 839 446 880 :
463 825 599 882 Metrum
614 825 813 895 hymnorum,
829 824 881 895 qui
897 822 935 880 de
950 821 1120 893 Epiphania
1138 825 1221 892 sunt,
1235 823 1279 880 ita

216 918 308 976 hahet
320 935 326 974 :

255 1914 380 1984 2,1,sq.
397 1916 478 1970 Haec
494 1913 595 1968 omnia
610 1916 641 1969 et
657 1928 735 1985 quae
751 1916 921 1986 sequuntur
931 1913 967 1970 ad
978 1913 1122 1969 amussim
1132 1912 1284 1992 exscripta

225 2014 300 2067 sunt
312 2025 348 2066 ex
362 2010 460 2067 Oresti
473 2009 670 2066 historiarum
680 2010 760 2067 libro
772 2013 823 2080 Vi,
840 2025 868 2066 c.
885 2011 922 2066 20
932 2026 963 2064 :‹
978 2013 1066 2066 Anno
1079 2009 1115 2066 ab
1124 2009 1202 2066 urbe
1213 2023 1285 2066 con-

223 2107 290 2164 dita
304 2109 470 2177 DCCXXV,
486 2107 553 2177 ipso
569 2108 755 2178 imperatore
770 2110 900 2165 Caesare
921 2110 1057 2176 Augusto
1073 2107 1239 2178 quinquies
1254 2112 1285 2164 et

225 2207 257 2261 L.
271 2204 401 2276 apulejo
415 2205 603 2273 consulibus,
620 2206 732 2262 Caesar
743 2198 841 2262 victor
854 2205 891 2262 ab
905 2205 1027 2262 Oriente
1041 2204 1162 2261 rediens
1176 2209 1284 2261 octavo

224 2301 297 2358 Idus
308 2302 468 2358 ianuarias
480 2302 588 2359 urbem
600 2300 713 2372 triplici
722 2301 871 2372 triumpho
884 2301 1042 2371 ingressus
1056 2304 1139 2357 est...
1149 2341 1172 2357 ..
1186 2304 1282 2358 Porro

223 2398 325 2452 autem
341 2380 422 2452 hunc
442 2411 510 2452 esse
530 2396 661 2453 eundem
676 2397 767 2465 diem,
788 2398 846 2454 hoc
864 2399 912 2452 est
920 2400 1066 2452 octavum
1080 2395 1152 2452 idus
1170 2399 1282 2453 ianua-

219 2492 292 2560 rias,
308 2507 364 2564 quo
375 2507 429 2550 nos
440 2492 613 2563 Epiphania,
622 2495 679 2550 hoc
694 2498 741 2551 est
752 2493 972 2564 apparitionem
986 2492 1052 2548 sive
1061 2490 1283 2549 manifestatio·

222 2603 293 2646 nem
311 2590 454 2647 dominici
470 2591 652 2648 sacramenti
671 2591 881 2658 observamus,
898 2603 987 2645 nemo
1008 2589 1282 2646 credentium-sive

229 2688 321 2744 etiam
334 2686 405 2744 fidei
420 2687 693 2744 contradicentium
713 2687 820 2743 nescit.
838 2690 954 2757 Deque
969 2689 1092 2743 nostrae
1104 2687 1193 2743 istius
1211 2686 1285 2744 tide·

230 2781 369 2841 lissimae
389 2785 611 2841 observationis
632 2787 822 2841 sacramento
852 2784 977 2841 uberius
1001 2798 1083 2840 nunc
1106 2783 1209 2839 dicere
1232 2797 1289 2839 nec

231 2880 312 2938 ratio
326 2894 381 2936 nec
395 2882 481 2937 locus
496 2879 622 2950 flagitat,
633 2885 670 2937 ut
682 2883 713 2936 et
729 2880 945 2951 quaerentibus
959 2894 1137 2936 reservasse
1151 2885 1181 2936 et
1192 2879 1291 2949 negli-

234 2974 376 3042 gentibus
393 2989 455 3031 non
469 2975 637 3042 ingessisse
645 2974 814 3031 videamur.
828 2978 890 3031 Hoc
904 2979 1006 3032 autem
1015 2975 1147 3032 fideliter
1158 2988 1291 3030 comme-

234 3080 373 3124 morasse
385 3068 515 3137 ideopar
529 3068 597 3137 init,
610 3070 646 3124 ut
654 3083 710 3139 per
722 3082 824 3124 omma
836 3070 960 3124 venturi
974 3069 1085 3125 Christi
1098 3069 1195 3136 gratia
1203 3082 1293 3139 prae-

233 3168 378 3236 paratum
392 3165 531 3222 Caesaris
550 3167 715 3235 imperium
736 3165 959 3236 comprobetur.
977 3168 1054 3222 Nam
1073 3164 1294 3235 cumprimum

235 3261 308 3332 Caq‘o
324 3263 453 3318 Caesare
468 3261 622 3317 avunculo
635 3274 690 3317 suo
705 3259 864 3316 interiecto
878 3274 914 3316 ex
927 3259 1088 3329 Apollonia
1100 3257 1224 3315 rediens
1240 3272 1295 3315 ur-

234 3358 305 3415 bem
320 3357 542 3427 ingrederetur,
560 3358 634 3413 hora
647 3356 769 3414 circiter
786 3356 877 3413 tertia
890 3361 1023 3427 repente,
1039 3354 1151 3426 liquido
1171 3370 1206 3412 ac
1219 3369 1294 3426 puro

234 3468 341 3511 sereno
357 3454 487 3511 circulus
503 3455 540 3511 ad
554 3453 684 3525 speeiem
707 3454 845 3511 coelestis
864 3468 950 3510 arem
965 3453 1067 3510 orbem
1083 3452 1158 3508 solis
1180 3452 1295 3522 ambiit,

235 3551 324 3622 quasi
347 3565 416 3607 eum
437 3565 533 3608 unum
553 3566 589 3608 ac
610 3551 856 3622 potentissimum
874 3551 906 3605 in
920 3551 977 3607 hoc
998 3550 1111 3607 mundo
1133 3551 1296 3621 solumque

233 3646 439 3709 clarissimum
454 3647 488 3702 in
501 3647 575 3703 orbe
590 3649 783 3715 monstraret,
800 3647 887 3717 ciuus
909 3651 1045 3718 tempore
1059 3649 1225 3703 venturum
1246 3649 1296 3704 es-

236 3746 293 3813 set,
309 3744 362 3814 qui
383 3744 486 3816 ipsum
508 3746 607 3801 solem
625 3746 709 3801 solus
736 3745 946 3816 mundumque
966 3747 1065 3801 totum
1081 3747 1112 3800 et
1128 3742 1252 3800 iecisset
1266 3744 1297 3798 et

234 3844 357 3910 regeret
377 3858 401 3896 a.
418 3845 532 3898 Notum
544 3842 643 3898 tuisse
655 3842 823 3900 abaelardo
839 3844 977 3899 orosium
991 3844 1076 3913 patet
1088 3844 1248 3913 praeterea
1259 3854 1297 3896 ex

236 3936 303 4006 ejus
320 3939 506 3995 sermonein
521 3939 570 3996 die
582 3940 780 4011 Epiphaniae,
793 3940 846 3997 ubi
861 3944 1014 3997 auctorem
1028 3955 1100 3997 eum
1114 3939 1236 3996 adhibet
1248 3939 1297 3995 his

236 4029 340 4086 verbis
358 4046 364 4084 :
381 4051 393 4083 u
415 4033 522 4098 Qualia
537 4033 661 4104 quidem
678 4034 741 4100 iila,
759 4048 836 4105 quae
854 4035 969 4093 Paulus
984 4035 1110 4091 Orosius
1127 4033 1298 4104 Antiquita-

238 4126 304 4181 tum
318 4126 354 4182 ab
368 4127 445 4184 urbe
460 4128 582 4186 condita
595 4129 675 4185 libro
689 4130 752 4185 Vll.
766 4133 988 4200 commemorat,
1000 4132 1058 4186 eto.
1076 4122 1101 4185 5.

273 4223 338 4293 2,2,
350 4237 395 4294 sq.
411 4241 425 4277 ι
439 4223 554 4280 Deinde
567 4238 637 4280 caim
645 4225 779 4299 secundo
792 4226 823 4281 in
836 4226 940 4282 Sicilia
947 4226 1079 4295 receptis
1093 4223 1299 4296 aPompejoet
