2992 5048
667 430 812 485 -70-

196 545 343 602 Saxoniae
356 545 445 614 duee,
460 547 510 604 cui
524 549 635 607 Leonis
652 564 822 621 cognomen
836 549 968 607 inditum
983 552 1041 617 est,
1059 547 1158 620 deque
1175 547 1271 606 rebus

196 640 264 711 ejus
275 644 357 698 terra
370 642 509 714 marique
522 646 617 715 gestis
629 647 706 717 agit.
726 651 808 705 ilaec
833 647 872 704 de
893 645 1011 716 grypho
1036 629 1215 716 Philologus
1230 646 1270 704 de

197 739 316 796 naturis
329 739 506 798 animalium
515 746 545 798 et
557 743 729 802 bestiarum
742 761 750 801 ε
762 748 825 804 Uns
836 744 961 802 oiseaux
975 743 1088 814 estqui
1100 746 1148 799 est
1164 741 1270 815 apeles

201 835 338 907 gripone.
369 837 558 908 Phisioioges
588 854 645 897 nos
672 840 734 898 dist
747 841 848 913 queil
876 844 923 897 est
941 853 980 896 eu
1004 852 1067 895 unc
1090 839 1189 911 partie
1215 839 1272 897 des

201 929 308 990 desero
322 932 426 992 d'lnde
441 935 576 1004 abitant3
600 941 631 994 et
657 938 739 995 iluec
759 939 944 994 conversent
968 937 1026 993 cist
1040 936 1130 993 oisel.
1160 936 1191 993 Si
1213 950 1273 993 nos

201 1029 264 1086 dist
278 1043 338 1102 que
349 1046 401 1088 ces
416 1033 568 1090 manieres
580 1033 715 1092 d'oiseax
724 1035 853 1093 u'isseut
865 1048 983 1106 ouques
998 1033 1052 1092 des
1067 1031 1223 1103 (19991911
1238 1048 1276 1090 ce

200 1125 278 1185 u'est
292 1142 362 1186 cose
376 1137 438 1201 que
452 1130 474 1186 il
488 1144 527 1186 ne
546 1135 642 1202 poeni
662 1136 768 1189 trever
780 1146 842 1204 que
861 1132 883 1188 il
905 1131 1031 1188 19919111
1050 1131 1198 1201 maugier.
1219 1133 1268 1189 cil

199 1219 421 1294 oiselsontpar
435 1222 533 1281 1119119
543 1229 655 1287 nature
670 1227 696 1284 si
717 1226 782 1284 fors
808 1240 869 1298 que
884 1226 908 1283 il
918 1229 1072 1298 prennent
1088 1226 1148 1283 ben
1165 1227 1271 1286 1111191

199 1322 244 1377 tot
259 1317 308 1374 111
316 1321 346 1374 et
368 1317 539 1378 s'envolent
558 1324 621 1378 atet
640 1325 671 1379 et
691 1321 887 1395 l’emportenl
905 1319 923 1378 a
940 1322 1004 1378 lore
1027 1321 1164 1393 pochins.
1192 1325 1269 1381 cest

198 1416 291 1472 oiseis
308 1412 423 1473 sentite
446 1415 546 1474 diable
557 1436 565 1484 ;
577 1419 608 1476 19
625 1418 703 1476 buci
723 1417 837 1476 senefle
854 1418 946 1477 l'ome
968 1418 1078 1490 quivit
1094 1431 1133 1474 eu
1155 1421 1270 1478 montel

197 1509 302 1583 peche.
320 1512 429 1569 cahier
441 1515 472 1570 et
484 1515 607 1584 Martin,
622 1513 780 1586 Melanges
810 1512 1040 1585 d'Archeologie
1062 1516 1101 1584 ΙΙ,
1115 1515 1181 1573 2211.
1201 1518 1270 1572 11119

199 1608 290 1665 etiam
301 1607 420 1664 referre
431 1608 517 1665 lubet
528 1610 607 1667 1111111
619 1612 783 1681 Augustini
795 1612 828 1667 in
852 1614 962 1669 linars.
989 1611 1022 1667 in
1034 1613 1084 1667 Ps.
1096 1611 1159 1681 148,
1178 1626 1211 1667 11.
1225 1613 1245 1668 9
1261 1628 1270 1667 1

201 1706 379 1761 «Dracones
407 1705 488 1762 circa
506 1720 620 1777 aquam
629 1711 804 1777 versantur,
835 1707 873 1765 de
899 1707 1058 1778 speluncis
1085 1708 1270 1777 procedunt,

200 1798 343 1856 teruntur
354 1801 386 1856 in
400 1815 480 1872 aera,
493 1803 662 1860 concitatur
686 1807 813 1876 propter
832 1818 885 1861 eos
901 1817 975 1859 aer:
991 1816 1101 1872 magna
1120 1802 1272 1875 quaedam

201 1897 275 1951 sunt
289 1895 455 1952 animantia
470 1895 629 1967 dracones,
653 1897 770 1968 msp'ora
793 1901 942 1958 non-sunt
956 1910 1051 1968 super
1065 1900 1180 1953 terram
1194 1913 1222 1952 s.
1236 1927 1275 1939 -—

202 1991 266 2058 4,1
289 2005 335 2062 sq.
361 1993 443 2048 Haec
465 1993 560 2049 verba
583 2008 620 2049 91
635 1995 748 2051 Psalmi
775 1996 826 2051 148
852 1996 979 2051 1911115
1007 1993 1168 2064 desumpta
1187 2007 1272 2065 esse,

202 2100 293 2144 nemo
308 2101 370 2143 non
386 2087 482 2145 videt.
905 2163 911 2174 Ι

237 2184 319 2241 vill.
345 2187 380 2241 B.
398 2183 442 2242 iol
473 2185 508 2242 83
532 2201 610 2242 11.-
629 2187 784 2245 lectiones
812 2187 965 2245 variantes
980 2189 1027 2256 14,
1044 2189 1070 2260 1,
1090 2190 1219 2259 creator,
1231 2191 1266 2258 B,

203 2283 297 2352 atque
309 2282 352 2338 ita
366 2282 478 2353 migne,
503 2282 590 2354 cujus
603 2285 670 2340 loco
685 2288 806 2342 creatur
821 2286 906 2354 legas
926 2298 1053 2342 necesse
1076 2287 1132 2340 est·
1146 2315 1182 2326 -
1193 2286 1222 2354 7,
1234 2285 1263 2340 4.

203 2376 341 2434 Paradisi
356 2381 505 2450 tempore,
520 2382 556 2436 Β.
573 2409 611 2420 -
626 2380 808 2438 Adnotsuds.
827 2410 864 2421 -
888 2381 949 2449 3,1
978 2394 1023 2452 sq.
1053 2379 1188 2438 Celebris
1220 2383 1270 2436 est

201 2474 283 2546 apud
297 2476 424 2533 scholas
441 2477 640 2548 philosophos
655 2479 804 2549 quaestio,
826 2478 1002 2548 potueritne
1019 2475 1109 2547 Deus,
1123 2490 1180 2548 pro
1196 2491 1265 2545 sua,

200 2585 262 2642 qua
272 2573 379 2642 pollet,
396 2574 547 2644 sapientia
569 2588 675 2632 creare
693 2575 852 2645 mundum,
873 2589 965 2647 quem
984 2575 1136 2643 videmus,
1157 2588 1267 2645 corpo·

199 2683 288 2726 reum
301 2670 425 2726 homine
439 2685 500 2727 non
513 2676 615 2729 creato
628 2687 729 2744 neque
748 2687 886 2744 unquam
909 2672 1052 2729 creando.
1072 2674 1109 2730 ut
1132 2671 1265 2728 sanioris

200 2767 324 2840 quidem
339 2768 455 2839 ingenii
471 2773 611 2827 auctores
625 2771 655 2828 id
669 2771 736 2827 fieri
751 2771 890 2841 potuisse
905 2773 1029 2840 negant,
1045 2769 1117 2842 quia
1130 2769 1189 2824 nisi
1203 2781 1261 2839 per

199 2861 355 2918 hominem
369 2876 420 2919 res
435 2866 555 2920 ceterae
569 2864 607 2921 ad
621 2867 712 2921 Deum
726 2868 882 2936 tamquam
896 2864 989 2920 finem
1011 2862 1146 2946 omnium
1158 2874 1265 2918 rerum

201 2959 343 3016 ultimum
357 2959 469 3016 1919111
488 2975 549 3017 non
569 2962 697 3032 possint.
718 2962 774 3018 Cui
795 2960 965 3018 sententiae
991 2956 1065 3016 adeo
1091 2958 1266 3016 inhaesisse

200 3052 724 3124 11191111111911111,1199991919
743 3069 803 3111 non
826 3059 981 3128 vereatur,
997 3055 1096 3111 deletu
1115 3053 1267 3124 1191111111-

201 3149 288 3206 vium
302 3150 426 3206 homine
440 3150 571 3208 delenda
588 3153 678 3209 simul
700 3151 796 3208 tuisse
822 3152 988 3208 animantia
1000 3164 1114 3222 resque
1133 3153 1265 3220 ceteras,

201 3246 317 3316 quippe
326 3260 416 3317 quae,
430 3251 557 3319 propter
571 3249 724 3305 hominem
743 3253 872 3318 creatae,
886 3249 1010 3306 homine
1024 3251 1196 3320 perempto,
1212 3262 1271 3305 cur

200 3341 332 3398 ulterius
344 3347 459 3413 essent,
473 3359 534 3401 non
544 3345 701 3401 haberent.

236 3437 502 3508 lpseAbaelardus
515 3441 547 3496 in
565 3441 760 3512 Expositione
774 3441 806 3498 in
825 3445 1057 3500 Hexaemsron:
1078 3462 1096 3493 e
1110 3441 1155 3498 Ad
1174 3455 1268 3513 quem

200 3532 326 3603 quidem
334 3535 383 3604 (de
398 3536 521 3594 homine
536 3537 617 3610 dicit)
630 3541 783 3608 tamquam
796 3538 899 3609 finem,
910 3540 968 3597 hoc
985 3544 1032 3596 est
1046 3537 1170 3595 finalem
1187 3540 1269 3593 cete-

198 3643 305 3687 rorum
315 3646 449 3703 causam,
460 3635 561 3691 omnia
572 3634 757 3706 spectabant,
772 3649 840 3693 cum
852 3640 981 3708 propter
993 3635 1149 3693 hominem
1163 3637 1269 3691 creata

199 3725 262 3782 siut
277 3727 343 3784 sive
358 3728 515 3801 disposita.
532 3733 627 3788 Homo
650 3745 724 3787 1919
755 3744 815 3787 non
838 3735 968 3803 propter
998 3732 1053 3790 illa
1068 3729 1122 3789 sed
1136 3733 1264 3802 propter

197 3822 295 3878 Deum
314 3826 414 3881 solum
434 3825 673 3895 glorificandum.
689 3827 764 3882 Cum
779 3839 853 3895 ergo
869 3827 923 3883 illa
937 3841 1039 3899 usque
1056 3826 1094 3883 ad
1108 3823 1265 3882 hominem

195 3929 254 3987 per
263 3932 336 3976 suas
350 3921 498 3979 utilitates
513 3922 721 3994 pervenerint,
744 3934 870 3978 cursum
895 3936 987 3979 suum
1015 3920 1104 3993 quasi
1129 3920 1161 3976 iu
1183 3922 1266 3975 meta

195 4014 328 4084 quadam
342 4020 373 4074 et
387 4018 477 4075 stadii
490 4019 620 4076 termino
639 4017 696 4074 sibi
714 4016 849 4087 praefixo
873 4017 1141 4075 consummabunt.
1166 4017 1264 4071 1191119

196 4125 271 4168 1919
284 4127 386 4185 usque
400 4116 439 4173 ad
452 4119 547 4173 Deum
564 4114 727 4187 pervenire
740 4113 832 4170 habet
857 4117 887 4171 et
902 4114 934 4171 in
956 4116 1024 4186 ejus
1038 4113 1160 4171 visione
1188 4113 1265 4167 tam

196 4221 289 4278 quam
303 4210 335 4266 tn
350 4204 480 4271 sabbato
495 4226 570 4270 1919
585 4212 742 4284 quiescere
751 4228 775 4265 1.
787 4241 821 4253 -
834 4213 887 4281 5,3
901 4227 951 4285 sq.
966 4217 1008 4270 De
1018 4211 1151 4281 imagine
1165 4208 1265 4279 deque
