2992 5048
659 409 820 465 ..1155-

210 536 324 607 hymno
338 535 382 591 47.
399 532 481 606 apud
494 534 598 604 Migne
612 536 669 591 PP.
686 535 744 591 LL.
772 511 844 603 145,
854 548 887 605 p.
901 534 965 590 935.
980 534 1143 590 Praeclare
1156 534 1271 604 cantio,

211 647 291 706 quae
303 631 410 704 incipit
425 647 433 686 z
446 630 518 688 Diae
526 635 570 687 eet
581 629 734 701 loetitiae,
745 630 826 702 apud
841 631 979 687 Moninm
993 641 1026 686 n⁰
1039 630 1096 685 47:

585 801 729 867 stupescit
739 805 851 865 natura,

552 887 632 948 Quod
646 889 721 954 parit
726 888 884 952 juvencula

551 975 657 1026 Natum
669 978 735 1028 ante
746 975 862 1027 saecula

585 1060 748 1115 Creatorem
760 1075 866 1122 rerum,

554 1148 633 1209 Quod
647 1149 718 1201 uber
730 1149 888 1202 munditiae

553 1238 609 1290 Dat
622 1238 667 1290 lac
677 1238 832 1306 pudicitiae

588 1327 713 1395 hnttqno
725 1328 846 1380 dierum.

250 1515 391 1572 111111111.
403 1518 436 1572 Β.
452 1514 505 1574 iol.
521 1518 555 1575 88
570 1532 603 1585 a;
618 1520 651 1577 c.
671 1518 725 1576 iol.
740 1518 776 1576 30
787 1518 817 1575 11.
838 1547 872 1561 -
886 1516 1042 1576 Lectiones
1060 1516 1214 1575 varianter
1231 1519 1280 1586 32,

213 1613 241 1670 3.
255 1614 297 1671 'l'e
311 1611 506 1685 fugerentur,
516 1617 548 1684 Β,
561 1630 622 1673 non
631 1598 787 1686 fugantur,
800 1616 880 1673 sicut
889 1616 973 1673 Pitra
981 1615 1014 1672 in
1025 1617 1133 1672 notula
1141 1618 1286 1686 praeten-

214 1710 307 1770 ott-
319 1711 346 1780 4,
363 1710 389 1767 3.
406 1715 488 1780 Quae
500 1714 685 1784 supplicare,
699 1716 732 1783 B,
744 1716 852 1771 contra
860 1714 996 1784 rhythmi
1005 1713 1214 1783 legee3prolis
1222 1712 1279 1779 eie,

215 1809 248 1867 C.
261 1808 333 1878 -4,
348 1809 375 1865 4.
391 1812 474 1877 Quae
488 1811 584 1881 prolis
600 1811 657 1876 eia,
676 1811 754 1867 (1.-
770 1812 798 1879 5,
813 1812 839 1866 1.
856 1813 879 1868 O
899 1811 953 1882 pia
965 1809 1076 1882 [mater
1090 1809 1155 1882 pie]
1173 1811 1233 1876 tas,
1243 1811 1282 1874 Β;

218 1918 298 1979 quae
310 1905 400 1963 uncie
414 1907 537 1975 inclusi,
552 1907 585 1964 in
611 1907 721 1965 codiee
745 1908 938 1965 Bruxellensi
960 1907 1022 1978 legi
1041 1909 1214 1978 nequeunt;
1233 1905 1288 1962 Pia

217 2006 326 2074 mater,
337 2003 459 2076 pietatis
474 2004 568 2072 1111111,
577 2006 609 2074 C3
627 2005 760 2074 genuina
768 2005 858 2063 lectio
871 2020 907 2062 ex
917 2009 1050 2078 utraque
1059 2003 1220 2061 conflanda
1229 2004 1287 2058 est·

258 2099 434 2160 adnotanda
447 2117 455 2157 t
470 2103 499 2171 2,
512 2104 540 2173 2,
557 2101 688 2160 sufficiat
702 2103 852 2160 notissimi
862 2103 947 2160 illius
957 2102 1094 2160 vaticinii
1102 2101 1289 2158 mentionem

219 2181 327 2258 iacere
339 2215 346 2255 :
359 2200 438 2255 Ecce
452 2199 543 2270 vireo
557 2198 714 2269 concabiet
728 2205 756 2256 ct
762 2200 872 2270 pariet
884 2200 992 2272 fitium
1006 2203 1037 2257 et
1060 2199 1192 2272 reliqua,
1208 2196 1289 2269 apud

222 2298 269 2354 Ie.
283 2297 312 2367 7,
329 2295 374 2352 14.
388 2323 425 2337 -
438 2295 465 2366 4,
481 2297 509 2352 4.
525 2295 653 2353 Mariam
666 2309 723 2367 pro
746 2296 818 2366 reis,
833 2298 961 2367 propter
981 2298 1169 2367 peccatores,
1197 2294 1289 2351 immo

220 2405 279 2464 per
290 2393 468 2464 peccatores
483 2395 610 2449 matrem
624 2392 791 2448 salvatoris
806 2391 944 2448 effectam
956 2392 1088 2464 ideoque
1097 2390 1207 2460 teneri,
1221 2403 1290 2459 gra-

221 2492 289 2548 tum
302 2488 367 2546 illie
391 2489 527 2546 animum
554 2488 726 2558 ostendere,
754 2488 900 2560 frequens
925 2492 973 2546 est
997 2488 1142 2560 antiquae
1163 2487 1287 2560 pietatis

223 2586 362 2643 effatum.
380 2586 425 2642 lta
441 2584 472 2640 in
488 2585 592 2643 libello
620 2599 746 2657 precum
756 2586 956 2642 Neerlandioo
971 2600 1050 2642 saec.
1066 2587 1111 2642 15.
1129 2585 1294 2641 nuncssre-

223 2697 292 2741 mae
306 2682 339 2740 in
349 2681 534 2740 bibliotheca
549 2681 681 2739 civitatis
696 2685 864 2753 asservato,
879 2683 955 2739 haee
969 2682 1131 2738 invenies:

538 2857 582 2910 Ad
596 2860 623 2911 te
639 2858 728 2925 virgo,
738 2872 840 2910 manue
856 2857 949 2918 tendo,

538 2948 582 3000 Me
592 2960 726 3013 peccasse
740 2947 888 3011 reprendo,

537 3035 635 3087 hundo
652 3046 751 3099 preces
764 3032 799 3084 ad
815 3036 840 3084 te
854 3032 957 3091 tiendo,

530 3148 531 3151 ¹
573 3124 611 3176 Ut
625 3124 668 3175 eie
682 3122 860 3175 inauxilium

541 3211 737 3263 Peccatorious
748 3210 853 3261 teneris

541 3299 626 3361 opem
640 3301 731 3361 ferre,
748 3280 807 3358 cur,
823 3297 848 3348 ei
860 3296 984 3363 quaeris,

541 3387 615 3438 Audi
626 3399 721 3453 quare,
735 3385 761 3438 et
778 3384 915 3451 digneris,

572 3474 716 3526 Caetitatte
729 3474 832 3526 lilium.

543 3562 614 3623 Quia
624 3576 660 3615 ex
673 3567 699 3615 te
714 3563 833 3616 verbum
844 3565 945 3613 natum

538 3652 660 3713 Propter
674 3651 798 3702 hominis
807 3654 958 3712 peccatum

546 3737 610 3791 Tibi
622 3739 729 3790 confert
744 3738 938 3803 principatum

571 3826 753 3889 coelestium,
767 3827 954 3878 terrestrium.

262 4034 306 4091 1111
320 4032 434 4105 quihus
448 4033 549 4088 tamen
563 4033 695 4103 paucula
704 4031 814 4089 menda
825 4030 939 4088 codicis
956 4027 1100 4101 expunxi.

263 4131 403 4189 xxxiv.
421 4132 453 4186 Β.
468 4129 525 4187 101.
543 4129 577 4185 88
595 4143 632 4195 a;
647 4130 668 4186 G
682 4130 736 4187 iol.
753 4130 787 4186 31
802 4143 830 4186 a.
844 4158 882 4169 -
894 4126 1052 4185 Lectiones
1071 4124 1224 4183 vadantes
1241 4140 1249 4181 :
1266 4123 1295 4192 1,

231 4230 256 4286 1.
270 4229 475 4295 Rasoiturum
493 4228 536 4294 03
554 4227 664 4284 taleam
677 4229 798 4285 literam
819 4225 956 4296 adpinxit
977 4223 1159 4282 rubricator.
1172 4252 1209 4263 -
1221 4220 1249 4290 3,
1267 4221 1295 4278 3.
