2992 5048
751 433 877 488 ..9.-

282 563 427 650 hymnos
463 555 600 650 feriales
622 555 893 643 Nocturnorum‚
917 557 979 627 sed
1005 578 1130 648 neque,
1152 579 1220 646 quo
1239 569 1342 650 pacto

283 676 409 756 nescio,
432 672 584 742 continet
600 671 742 761 hymnos
756 673 800 743 ad
819 673 955 743 Laudes
975 673 1216 764 vesperasque
1236 676 1342 746 seria·

283 811 373 859 rum.
398 787 496 857 Unde
514 788 565 870 fit,
590 787 675 856 utin
691 786 808 856 codice
827 787 1046 856 Bruxellensi
1067 796 1116 857 tot
1136 788 1208 858 lere
1222 788 1343 880 hymni

284 905 502 995 reperiantur
531 902 567 970 in
596 901 819 972 Calmontano
852 902 1051 986 desiderati,
1093 910 1177 992 quot
1206 904 1242 971 in
1277 905 1341 974 hoe

286 1020 406 1088 insunt
424 1017 589 1101 carmina,
610 1036 698 1104 quae
719 1015 827 1083 inille
847 1015 976 1085 frustra
1004 1017 1230 1105 quaesiveris.
1267 1019 1349 1087 lam

287 1133 395 1224 igitur
417 1132 596 1200 elenchum
619 1131 774 1200 omnium
794 1131 1005 1220 hymnorum
1032 1131 1158 1201 codicis
1176 1132 1343 1201 Calmon-

288 1251 359 1318 tani
388 1250 552 1333 inseram,
588 1247 716 1317 Italicis
737 1247 859 1316 literis
880 1267 1002 1315 eorum
1021 1248 1191 1336 principia
1218 1249 1345 1318 distin-

287 1381 409 1454 guens,
424 1365 482 1453 qui
498 1362 541 1430 ab
556 1362 753 1432 Abaelardo
768 1361 914 1432 conlecti
933 1384 1001 1430 non
1022 1370 1113 1447 sunt,
1132 1364 1243 1433 literis
1261 1386 1347 1434 vero

288 1481 388 1570 paulo
408 1479 600 1565 majoribus
619 1498 677 1548 eos
688 1477 837 1547 Palatini
851 1479 960 1547 nostri
980 1479 1127 1565 hymnos
1144 1480 1346 1565 nobilitans,

283 1614 369 1683 quos
388 1614 428 1663 ex
450 1612 519 1661 uno
543 1591 608 1660 hoe
626 1592 719 1659 l'onte
740 1591 934 1659 hausimus.

318 1852 453 1904 Conditor
463 1851 539 1901 alme
549 1851 692 1903 siderum.

319 1938 442 1989 Verbum
462 1951 619 2000 superatum
635 1952 711 2001 pro-

347 2027 440 2077 diens.

316 2116 376 2167 Vox
388 2118 470 2166 ctera
488 2129 549 2166 eece
562 2116 688 2167 intonat.

313 2204 434 2256 Intende
448 2207 500 2268 qui
510 2206 586 2268 reyie
599 2206 701 2280 lsrael.

312 2295 452 2357 Stephani
458 2295 552 2357 prinei
564 2300 702 2360 oeartyres

310 2383 415 2434 Amore
427 2383 531 2434 Chresti
540 2385 656 2435 nobilis.

314 2468 358 2520 Ad
372 2468 503 2521 eoelestis
515 2472 608 2521 ortum
619 2470 706 2537 regis.
754 2522 758 2530 ,

312 2555 355 2607 Ad
369 2556 525 2608 laetantum
539 2559 623 2610 sinus
638 2573 701 2611 ma-

343 2646 430 2694 trum.

312 2728 364 2781 Est
377 2731 406 2780 in
421 2732 510 2782 Rama
521 2745 578 2784 ros
591 2733 699 2785 audita.

314 2817 375 2869 Rex
388 2822 527 2882 tyrannus
544 2821 705 2873 universos

318 2906 409 2960 Verbo
423 2907 545 2960 Verbum
556 2910 634 2977 virgo
645 2925 712 2964 eon-

344 2996 464 3060 cipiens.

313 3082 365 3134 Ilei
378 3085 467 3149 patris
483 3089 511 3135 et
525 3089 625 3138 matris
639 3089 704 3138 uni-

344 3186 408 3223 eus.

312 3257 401 3317 Quam
436 3258 551 3311 beatum
585 3265 704 3315 stratum

340 3347 399 3399 hoe
411 3349 570 3403 straminis.

311 3435 709 3508 Gaudevirgovirginumglo-

341 3537 392 3574 rra.

311 3610 495 3663 Nasciturum
510 3614 570 3668 slve
581 3621 691 3669 uatum.

310 3699 488 3764 Angelorum
512 3705 627 3769 stupent
641 3721 709 3759 oan-

341 3789 414 3840 tum.

312 3876 710 3949 consecrandasintrntaquas

313 3964 365 4025 Qui
377 3965 520 4032 baptismo
531 3969 615 4022 nohis
629 3985 694 4026 suo.
722 4025 726 4034 ,

312 4054 490 4108 illuminans
503 4060 672 4115 attissimus.

314 4142 336 4192 0
346 4144 450 4206 quauta
461 4144 568 4209 qualia.

317 4230 521 4284 Universorum
537 4236 676 4291 eonditor.

874 1855 997 1906 Advenit
1011 1857 1127 1909 veritas.

875 1944 994 1996 octavae
1016 1944 1126 1997 titulos.

871 2033 994 2082 Aeterne
1008 2046 1109 2083 rerum
1126 2035 1267 2085 eonditor.

873 2123 1018 2184 Splendor
1041 2127 1183 2184 paternae
1207 2124 1273 2186 ylo-

902 2211 978 2261 riae.

870 2302 954 2358 Deus,
969 2303 1083 2349 creator
1096 2299 1242 2350 oninium.

871 2388 957 2446 Audi,
971 2387 1091 2450 tertione
1106 2387 1244 2436 conditor.

872 2477 986 2528 Saturni
1003 2475 1126 2538 loryitor
1133 2474 1272 2537 proemii.

873 2568 957 2624 Deus,
970 2571 1055 2628 poter
1063 2565 1209 2627 piissime.

873 2653 940 2703 Jam
954 2653 1025 2702 lueis
1039 2656 1100 2701 orto
1115 2651 1222 2701 sidere.

875 2744 958 2794 Nunc
978 2747 1075 2792 sortcte
1091 2742 1170 2791 trabis
1185 2738 1279 2802 Spiri-

906 2835 959 2880 ttts.

872 2918 975 2968 Rector
981 2922 1090 2978 poteria,
1103 2928 1201 2973 verae,
1214 2914 1290 2963 Deus

872 3009 982 3058 Iterum
994 3007 1070 3056 Deus
1084 3008 1171 3055 tenax
1182 3016 1273 3066 otyor.

876 3096 984 3146 Christe
996 3094 1048 3156 qui
1059 3093 1111 3142 lice
1123 3105 1152 3142 es
1166 3096 1192 3141 et
1204 3090 1274 3140 dies.

873 3183 909 3232 Te
925 3180 995 3231 locis
1012 3185 1079 3230 onte
1101 3179 1271 3229 terminum.

872 3270 939 3319 Jam
950 3268 1043 3329 retroit
1057 3268 1130 3316 hora
1146 3264 1240 3316 tertia.

877 3357 988 3408 Vexillo
1007 3355 1084 3417 reois
1098 3354 1255 3416 prodeunt.

872 3445 1080 3507 renueretque
1090 3441 1211 3505 olor-insi
1219 3441 1280 3491 totc-

903 3547 994 3585 ream.

874 3623 978 3672 Lustra
989 3634 1039 3671 sene
1048 3620 1167 3684 quijom
1174 3632 1279 3682 perac-

905 3715 946 3763 ta.

875 3800 1014 3861 Moenum
1023 3798 1125 3848 solutis
1135 3798 1275 3861 quodiam

876 3884 1276 3953 Hymnomeanaoeusllomi-

909 3988 959 4025 oo.

877 4063 950 4116 liaeo
964 4076 1019 4114 nox
1032 4061 1178 4114 carissimi.

878 4150 1018 4204 Mercator
1033 4149 1166 4203 omnium.

879 4239 956 4292 Solus
977 4238 1012 4291 ad
1025 4239 1181 4292 victimam.
