2992 5048
687 468 720 478 -
733 439 768 495 g5
786 468 821 480 -

218 565 268 620 tae
281 559 532 634 pertransissent,
549 562 641 632 atque
654 554 814 618 unctio'ad
828 559 1030 629 alienigenam
1041 557 1282 629 transferretur,

221 674 283 717 non
303 658 368 729 jam
393 657 523 731 pristino
547 657 609 714 ritu
638 658 822 715 sacrificium
846 656 1063 724 celebraretur,
1090 656 1279 728 quodetiam

219 755 404 826 Babylonica
427 753 590 825 captivitas
613 754 792 812 abstulerat.
817 756 851 812 ln
877 754 934 811 hoc
955 753 1076 825 quidem
1106 753 1190 812 senio
1212 754 1279 823 jam

222 853 335 911 mundo
350 853 567 927 languescente
582 842 695 910 missus
712 857 759 910 est
769 854 916 922 salvator,
932 852 986 923 qui
999 855 1136 909 veterem
1149 865 1282 909 renova-

222 948 271 1004 ret
281 947 445 1016 hominem,
457 945 642 1017 baptismum
653 946 847 1017 praedicaret
858 961 865 998 ε
878 945 911 1001 in
922 959 984 1016 quo
995 943 1118 1015 quidem
1130 944 1283 1016 baptismo

224 1042 363 1099 homines
385 1044 521 1098 veterem
545 1041 700 1099 hominem
724 1041 913 1113 deponentes
935 1043 966 1097 et
980 1053 1094 1097 novum
1120 1039 1283 1098 induentes

225 1139 303 1196 sicut
318 1139 465 1210 scriptum
486 1141 534 1196 est
550 1156 557 1194 :
575 1138 763 1210 Quicunque
791 1136 949 1208 baptizoti
962 1135 1041 1206 estis,
1058 1136 1219 1194 Christum
1234 1137 1285 1194 in·

224 1235 337 1291 duistis
349 1236 443 1305 (Rom.
458 1237 485 1303 6,
498 1236 538 1306 3),
553 1236 643 1307 quasi
654 1251 691 1293 ex
706 1236 793 1307 aquis
809 1234 956 1292 animalia
968 1233 1117 1304 producta
1129 1238 1202 1292 sunt
1211 1252 1237 1289 s.
1248 1265 1285 1276 -

225 1331 308 1389 Idem
319 1336 532 1401 argumentum
551 1332 638 1404 apud
665 1331 800 1388 Bedam:
820 1352 834 1381 n
861 1330 973 1398 Quinto
999 1329 1048 1387 die
1072 1329 1284 1400 produxerunt

225 1440 323 1498 aquae
335 1428 458 1498 reptilia
468 1427 639 1485 animarum
655 1428 827 1485 viventium
840 1430 871 1484 et
885 1426 1025 1483 volatilia
1040 1427 1175 1485 volantia
1186 1442 1282 1500 super

225 1527 338 1581 terram
353 1524 409 1581 sub
424 1524 617 1582 firmamento
632 1525 703 1581 coeli
719 1541 727 1591 ;
745 1527 775 1580 et
799 1524 906 1594 quinta
919 1526 1018 1580 aetate
1041 1527 1207 1581 creverunt
1226 1524 1285 1581 tilii

224 1621 503 1690 transmigrationis
516 1624 547 1677 ct
565 1619 760 1692 multiplicati
775 1609 892 1676 suntin
914 1619 1078 1689 Babylone,
1095 1632 1174 1690 quac
1194 1633 1288 1691 saepe

225 1730 376 1788 aquarum
387 1717 511 1772 nomine
525 1716 719 1786 designatur.
734 1718 867 1782 Quorum
881 1714 1008 1787 plurimi
1022 1714 1134 1771 ibidem
1146 1715 1234 1786 quasi
1252 1715 1284 1770 in

226 1813 315 1885 aquis
342 1812 444 1884 pisces
469 1812 617 1882 residere,
648 1813 800 1884 equibus
827 1814 928 1869 tamen
954 1814 1041 1867 eraut
1057 1811 1208 1880 nonnulli,
1233 1812 1290 1882 qui

227 1909 315 1966 velut
328 1909 387 1966 ceti
402 1910 506 1979 magni
521 1892 672 1966 dominari*
684 1910 801 1980 magnis
817 1908 899 1980 [lege
915 1925 922 1964 :
939 1907 1048 1978 magis]
1064 1907 1208 1965 fluctibus
1220 1922 1289 1965 sae-

229 2006 292 2063 culi
304 2021 397 2078 qnam
409 2007 529 2064 servire
541 2006 736 2077 studuerunt,
747 2006 820 2077 quia
831 2006 917 2062 nullo
926 2007 1047 2062 terrore
1059 2005 1097 2063 ad
1113 2005 1290 2063 idolatriam

228 2103 391 2175 depravari
412 2106 588 2175 potuerunt.
624 2102 684 2160 Alii
714 2103 815 2160 soluts
842 2101 1018 2173 captivitate
1042 2101 1132 2173 quasi
1156 2102 1290 2173 acceptis

227 2192 338 2272 pennis
352 2201 502 2258 libertatis
518 2201 556 2258 ad
582 2204 695 2258 terram
715 2199 944 2258 lsraelreversi
969 2203 1051 2266 sunt,
1068 2203 1098 2256 et
1113 2200 1210 2256 instar
1227 2215 1283 2257 vo·

228 2299 357 2355 lentium
369 2302 435 2355 tota
448 2297 618 2355 intentione
645 2298 781 2355 coelestia
793 2298 951 2369 petebant,
980 2296 1022 2353 ita
1039 2301 1075 2354 ut
1089 2298 1181 2354 etiam
1207 2301 1290 2354 tem·

225 2397 312 2467 plum
326 2410 360 2452 ao
374 2396 528 2452 civitatem
542 2396 596 2452 Dei
610 2394 815 2462 reaedificare,
829 2396 930 2464 legem
940 2409 1063 2466 quoque
1081 2394 1149 2465 eius
1166 2410 1286 2454 summa

226 2491 372 2549 instantia
384 2496 559 2561 restaurare
568 2492 750 2549 niterentur.
778 2492 836 2549 Sed
849 2492 1049 2564 appropiabat
1058 2507 1200 2566 vespera,
1213 2507 1284 2551 cum

227 2588 420 2660 postmodum
445 2589 526 2645 inter
553 2590 628 2646 alias
653 2591 805 2646 scelerum
827 2588 972 2646 tenebras
990 2589 1084 2646 etiam
1112 2589 1291 2647 domesticis

229 2685 334 2739 contra
343 2697 378 2740 se
392 2683 524 2739 invicem
534 2683 685 2740 dissidere
695 2682 886 2740 conflictibus
899 2683 1082 2754 patriaeque
1094 2697 1169 2740 suae
1179 2685 1289 2740 Roma·

230 2781 278 2837 nis
292 2780 353 2851 ipsi
375 2780 461 2837 inere
478 2781 651 2852 proditores
668 2794 767 2852 ;qnae
782 2784 812 2836 et
838 2780 972 2850 advenit,
988 2794 1060 2837 cum
1083 2794 1137 2837 eos
1163 2793 1225 2836 non
1240 2793 1290 2836 so-

231 2868 588 2948 lum'tributarioseiiici,
604 2879 764 2936 sedetiam
786 2878 977 2947 alienigenae
997 2878 1080 2948 regis
1109 2877 1291 2947 contigisset

231 2976 359 3047 imperio
375 2976 464 3033 subdi
481 2994 504 3031 s.
520 3007 556 3015 -
568 2977 595 3044 3,
612 2976 639 3032 3.
660 2975 771 3032 Confer
784 2975 822 3032 ad
835 2976 916 3031 bunc
933 2976 1044 3032 locum.
1060 2978 1115 3034 Ps.
1134 2976 1180 3045 44,
1195 2975 1213 3030 8
1229 2977 1291 3042 ;is.

232 3075 303 3142 ol,1
319 3091 328 3141 ;
344 3076 417 3130 Dan.
433 3075 462 3142 9,
475 3074 510 3129 24
523 3091 531 3141 ;
546 3075 619 3130 Luc.
634 3074 662 3142 4,
676 3074 710 3130 18
725 3090 733 3139 ;
749 3076 815 3128 Act.
832 3073 875 3140 10,
890 3073 945 3141 38;
963 3072 1038 3129 ileb.
1056 3073 1082 3142 1,
1095 3074 1126 3129 9.

269 3173 362 3228 XXV.
378 3173 411 3241 Β,
422 3170 475 3229 iol.
490 3171 526 3228 86
539 3185 566 3227 a.
581 3201 618 3211 -
630 3170 800 3227 Adnotanda
817 3171 865 3240 :2,
883 3172 893 3224 l
912 3185 958 3241 sq.
975 3170 1135 3226 Praeclare
1147 3168 1291 3227 Abaelar·

234 3267 292 3324 dus
305 3268 425 3325 duobus
440 3269 524 3325 hisce
537 3267 679 3324 versibus
693 3267 788 3324 Paulo
803 3270 926 3323 auctore
935 3267 1078 3337 baptismi
1092 3267 1187 3323 ritum
1197 3265 1293 3322 inter·

233 3368 382 3435 pretatur.
407 3367 461 3422 Est
488 3365 570 3422 enim
598 3365 764 3422 seeundum
791 3365 963 3436 apostolum
988 3364 1144 3420 immersio
1171 3362 1295 3435 quidem

235 3461 407 3533 symbolum
418 3462 525 3519 mortis
540 3465 572 3519 et
585 3462 762 3533 sepulturae
774 3461 888 3517 veteris
905 3461 1048 3529 hominis,
1074 3459 1207 3517 bominis
1222 3473 1294 3531 pec·

234 3560 302 3627 cati,
319 3559 450 3616 emersio
463 3573 538 3616 vero
554 3558 651 3616 instar
666 3558 802 3629 et'imago
817 3558 1052 3614 resurrectionis
1067 3556 1142 3613 novi
1161 3556 1294 3613 hominis

234 3669 304 3712 oum
318 3655 439 3713 Christo
454 3657 645 3725 resurgente.
656 3657 702 3711 ita
711 3653 792 3711 enim
804 3654 841 3711 ad
854 3655 1006 3711 Romanos
1022 3654 1160 3710 scribens
1179 3670 1185 3708 :
1214 3654 1296 3710 Gom-

232 3753 349 3822 sepuiti
361 3753 459 3816 euim,
476 3751 527 3822 ait,
541 3767 653 3808 sumus
669 3765 743 3807 eum
757 3748 824 3820 ipso
844 3765 906 3820 per
932 3750 1127 3820 baptismum
1153 3748 1189 3805 iu
1209 3761 1297 3807 mor·

234 3853 305 3919 tem,
321 3854 357 3905 ut
366 3839 526 3921 quomodo
539 3848 680 3908 cbristus
695 3847 838 3904 surrexit
856 3862 877 3905 a
904 3847 1041 3905 mortuis
1061 3862 1124 3918 per
1149 3843 1295 3923 pierium

233 3946 352 4015 Petris,
371 3946 460 4004 itaet
475 3961 532 4003 nos
546 3945 582 4003 in
597 3945 737 4003 rso-vitate
748 3945 832 4002 vitae
846 3947 1056 4003 ambutemus.
1072 3948 1159 4002 Rom.
1172 3945 1200 4013 o,
1216 3943 1243 3997 4.
1259 3942 1296 3997 Et

235 4044 274 4102 ad
283 4046 482 4102 colossenses
495 4046 524 4114 2,
540 4047 598 4102 12:
620 4029 802 4112 consepulti
814 4047 841 4098 et
855 4043 890 4099 in
912 4037 1078 4113 baptismo,
1109 4041 1145 4097 iu
1174 4053 1237 4111 quo
1263 4042 1294 4093 et

233 4141 452 4198 resurrexistis
458 4157 521 4211 per
530 4142 628 4214 fidem
643 4140 839 4211 operationis
852 4139 918 4210 Dei,
940 4141 997 4211 qui
1018 4136 1185 4196 suscitavit
1199 4135 1298 4193 iilum

237 4253 259 4296 a
271 4237 416 4297 mortuis.
428 4239 632 4296 conterantur
646 4238 738 4294 etiam
751 4237 850 4295 Bedae
864 4237 1081 4295 commentarii
1096 4236 1130 4292 in
1144 4232 1298 4300 Genesim,
