2992 5048
641 437 678 448 ..
696 409 714 463 g
732 437 767 448 .-

174 529 408 616 enimpostea,
423 528 701 598 increbrescente
716 549 778 618 per
805 547 943 597 omnem
962 526 1111 596 Gelliam
1130 527 1234 595 litur-

175 646 333 735 gicarum
356 644 618 713 innovationum
652 643 844 733 prurigine,
875 642 1129 711 Paraclitenses
1149 662 1235 732 ege-

180 761 263 846 rint,
285 767 401 829 utrum
425 766 460 827 et
483 760 578 849 ipsae
604 780 734 828 novum
771 741 839 827 sibl
870 758 1077 827 Brevinrum
1110 761 1236 846 rejecto

175 887 294 945 vetere
330 874 450 942 confici
480 876 639 943 curarint
670 896 731 943 seu
758 873 852 942 aliud
872 894 890 942 e
913 894 1022 962 nuper
1054 872 1233 958 consectis

177 989 456 1058 Cluniacenslum
487 990 575 1058 l'orte
600 1009 663 1058 seu
689 988 975 1079 congregationis
1001 989 1037 1057 S.
1070 988 1237 1078 Hidulphi

178 1103 373 1194 adoptarint
392 1124 454 1174 neo
470 1125 524 1191 ne,
540 1104 701 1193 equidem
716 1104 882 1193 indagare
898 1124 965 1172 non
980 1104 1087 1192 potui,
1108 1124 1237 1194 quom-

179 1219 233 1288 vis
252 1220 338 1288 citro
356 1220 462 1287 ullam
481 1219 741 1312 inquisitionem
764 1219 861 1309 prius
880 1220 982 1308 longe
1006 1220 1114 1288 nltero
1132 1239 1238 1289 vero-

179 1335 339 1404 similius.
361 1333 490 1403 Deinde
502 1335 619 1405 codioe
638 1335 945 1419 nostrodocomur,
963 1336 1108 1425 hymnos
1123 1335 1235 1403 Abne-

179 1449 266 1519 lardi
286 1470 352 1518 non
372 1471 412 1519 ea
431 1452 506 1540 lege
527 1451 768 1520 amoniollbus
788 1459 943 1539 receptos
966 1450 1073 1520 luisse
1090 1451 1127 1518 in
1149 1453 1238 1520 Bre-

181 1565 342 1651 viarium,
371 1573 410 1634 ut
433 1585 553 1634 omnes
572 1564 653 1634 inde
672 1565 817 1655 hymnos
837 1567 1049 1654 antiquiores
1076 1566 1238 1634 elimina·

182 1679 392 1769 rent.‚Licet
408 1681 502 1747 enim
520 1678 733 1768 hymmerius
751 1677 939 1748 Abaelardi
964 1679 1013 1748 ita
1042 1681 1234 1769 completus

183 1797 241 1879 sit,
262 1802 300 1863 ut
319 1801 493 1884 appareat,
515 1795 664 1864 uoluisse
684 1815 764 1863 eum
782 1794 943 1863 omnibus
962 1795 1103 1863 omnino
1135 1794 1240 1884 hym-

184 1910 239 1979 nis
258 1909 405 1998 hymnos
424 1930 505 1978 suos
523 1909 745 1993 substituere,
767 1909 936 1978 tamenin
957 1909 1114 1977 Diurnali
1134 1910 1239 1978 Para·

188 2023 322 2094 clitensi
348 2031 487 2112 praeter
513 2045 620 2093 novos
651 2026 859 2094 vestutiores
887 2025 990 2093 simul
1022 2025 1236 2112 invenimus,

185 2146 289 2229 prout
307 2159 349 2207 ex
363 2139 503 2208 elencho
523 2140 624 2229 paulo
643 2140 733 2208 inira
743 2139 956 2229 subjiciendo
975 2140 1120 2230 patebit.
1141 2142 1242 2210 Unde

188 2275 208 2323 e
233 2254 370 2322 duobus
404 2275 512 2322 unum
535 2255 691 2325 evenisse
720 2276 859 2324 necesse
886 2263 963 2324 est:
999 2263 1071 2336 aut,
1101 2258 1240 2346 quando

187 2369 341 2459 primum
374 2369 530 2438 Heloissa
561 2368 706 2458 hymnos
740 2369 926 2439 Abaelardi
950 2370 986 2437 in
1006 2390 1110 2438 usum
1143 2371 1241 2440 chori

188 2485 387 2574 assumpsit,
409 2486 576 2574 quosdam
595 2492 730 2555 veteres
747 2484 946 2554 retinendos
965 2505 1041 2553 esse
1056 2485 1239 2573 judicavit,

188 2607 248 2669 aut
267 2600 392 2668 borum
411 2601 604 2668 carminum
616 2601 755 2689 aliquot,
776 2600 854 2668 licet
868 2599 913 2667 ab
932 2598 1030 2667 initio
1050 2621 1239 2690 suppressa

187 2715 329 2800 luerint,
363 2715 530 2805 paulatim
561 2715 596 2783 in
621 2714 837 2784 Breviarium
864 2714 991 2783 iterum
1010 2714 1242 2804 irrepserunt.

188 2831 279 2911 Quid
296 2849 380 2899 vero
394 2828 518 2898 horum
531 2851 570 2898 re
583 2831 657 2921 ipsa
671 2831 863 2918 contigerit,
884 2831 1085 2917 conjectura
1104 2834 1244 2922 assequi

188 2967 257 3014 non
278 2946 447 3015 valemus.
489 2966 496 2980 ·

233 3061 432 3130 Notandum
450 3067 642 3150 praeterea,
665 3061 754 3150 quod
773 3058 939 3127 Diurnale
954 3061 1124 3130 Paracleti
1145 3060 1246 3152 bym-

187 3197 250 3244 nos
273 3175 373 3244 solito
392 3176 510 3264 plures
528 3177 712 3245 contineat.
735 3175 852 3245 Solent
887 3177 982 3246 enim
1016 3177 1241 3246 Diurnulibus

189 3309 257 3358 non
291 3289 359 3358 nisi
378 3289 498 3380 hymni
525 3289 570 3359 ad
600 3287 737 3358 Laudes
762 3290 999 3380 et‘Vesperas,
1038 3291 1125 3361 nulli
1157 3310 1241 3360 vero

187 3404 443 3474 Nocturnorum
470 3405 576 3474 inseri
594 3427 603 3488 ;
624 3410 756 3474 etcum
786 3406 1002 3475 Abaelnrdus
1028 3407 1124 3476 omui
1154 3408 1243 3475 festo

187 3526 335 3608 quotuor
366 3519 527 3611 hymnos,
553 3520 667 3588 tribus
699 3519 885 3590 Nocturnis
904 3528 939 3591 et
957 3521 1135 3592 Laudibus
1169 3520 1246 3589 sin-

187 3634 299 3724 gulos,
328 3655 367 3704 ea
388 3634 625 3727 adsignaverit
661 3633 748 3719 lege,
768 3635 887 3704 utduo
906 3638 1041 3725 priores
1067 3637 1103 3704 in
1139 3655 1249 3704 unum

189 3751 361 3838 conjuncti
380 3753 511 3843 primis,
546 3750 756 3840 posteriores
781 3751 943 3820 secundis
957 3752 1122 3840 Vesperis
1141 3753 1251 3820 inser·

188 3865 314 3952 virent,
352 3887 472 3936 omnes
507 3868 674 3936 festorum
705 3864 826 3955 hymni
851 3866 888 3934 in
908 3867 1066 3936 Diurnali
1098 3865 1250 3957 ponendi

190 3988 303 4066 erant,
324 3982 415 4051 unde
435 3983 474 4051 fit
495 3988 535 4051 ut
560 3982 625 4050 hoo
639 3981 755 4071 ipsum
792 3982 905 4070 quoad
941 3983 1089 4073 hymnos
1107 3982 1250 4053 festivos

191 4094 352 4181 (alterum
389 4099 599 4186 tertiumque
638 4094 850 4185 hymnorum
886 4095 1055 4188 libellum)
1094 4096 1253 4186 eJusdem

193 4209 355 4281 utilitatis
375 4214 421 4281 sit
434 4233 474 4281 ac
487 4211 699 4281 Breriarum
718 4215 906 4300 integrum.
929 4213 1114 4283 Continere
1133 4212 1254 4302 nequit
