2992 5048
672 397 833 452 ..155-

216 519 341 592 proprie
355 519 422 592 ipse
445 521 530 576 solus
558 517 643 575 illius
674 517 803 575 hominis
826 532 888 574 non
917 517 1076 574 hominum
1101 517 1201 575 dictus
1215 522 1281 576 est:

216 616 290 687 «pria
301 630 372 673 eum
386 615 530 674 videlicet
542 615 712 673 secundum
726 630 850 673 carnem
871 617 937 672 sola
951 615 1039 685 virgo
1054 615 1160 684 genuit
1173 618 1204 673 et
1217 617 1285 688 ipse

215 710 243 767 ei
259 725 383 783 quoque
402 711 487 768 solus
499 714 530 767 et
549 711 661 768 unicus
679 710 763 768 tilius
783 711 899 768 exstitit
917 711 998 766 sieut
1020 715 1051 767 et
1060 711 1152 782 patri,
1164 715 1201 768 ut
1215 711 1285 783 ejus

215 807 415 863 excellentiae
444 806 641 876 singularitas
670 807 846 879 peremnia
872 807 1112 864 commendetur.
1130 839 1166 848 -
1193 810 1220 876 1,
1255 809 1283 863 1.

216 904 366 961 Mundum
377 904 494 975 implet,
509 906 541 960 in
554 905 819 976 praesepiojacet,
835 905 938 962 sidera
946 905 1037 975 regit,
1050 905 1146 962 ubera
1155 906 1283 972 lambit3

216 1001 413 1058 ineffabiliter
440 1002 948 1074 16116111,66Ῑ116111611111616116
973 1016 1102 1071 magnus
1129 1003 1161 1058 in
1185 1002 1285 1061 forma

217 1098 282 1168 Dei,
297 1099 340 1155 ita
350 1113 466 1169 parvus
481 1099 625 1156 informa
640 1101 733 1170 servi,
748 1103 783 1156 ut
795 1115 851 1156 nee
866 1100 925 1155 ista
939 1099 1092 1156 brevitate
1106 1100 1284 1169 magnitudo

215 1189 271 1251 iila
284 1194 484 1262 minueretur,
493 1209 550 1250 nec
563 1195 619 1252 illa
632 1194 842 1264 magnitudine
858 1194 916 1250 ista
929 1194 1065 1251 brevitas
1072 1197 1284 1265 premeretur.

215 1293 377 1362 Augustin.
389 1294 527 1350 Serm.27
542 1293 580 1350 de
588 1296 682 1364 temp.
694 1294 831 1361 Quocum
839 1292 980 1349 conteras
994 1306 1073 1364 quae
1083 1292 1164 1349 idem
1178 1292 1284 1349 doctor

215 1390 308 1447 hahet
319 1404 461 1447 sermone
473 1390 543 1446 184:
561 1407 573 1442 t
595 1391 690 1456 Quem
705 1389 776 1446 coeli
791 1403 853 1445 non
872 1390 1006 1460 capiunt,
1034 1389 1128 1445 unius
1160 1388 1282 1445 feminae

215 1489 302 1545 sinus
316 1488 472 1555 serenat»,
486 1489 538 1544 161
552 1487 631 1544 illud
650 1487 760 1544 Leonis
784 1488 888 1556 Magni
902 1486 1007 1556 (Serm.
1024 1486 1116 1556 31,1)
1138 1503 1145 1541 :
1162 1503 1175 1538 ‹
1193 1485 1286 1543 Geni-

214 1585 300 1642 tricis
316 1585 433 1655 gremio
449 1585 635 1652 continetur,
646 1584 699 1656 qui
715 1585 802 1641 nullo
812 1583 873 1640 fine
887 1583 1080 1641 concluditur
1091 1604 1117 1638 1.
1133 1582 1288 1653 861161111-

214 1681 297 1739 modi
309 1682 462 1738 dictorum
475 1681 668 1736 infinitusest
676 1694 834 1737 numerus.
843 1682 908 1750 -2,
920 1681 933 1736 1
946 1695 991 1751 sq.
1000 1680 1146 1737 Similiter
1153 1680 1286 1750 hymnus

215 1780 298 1852 apud
314 1780 456 1837 Munium
469 1780 505 1836 53
520 1796 528 1834 z

560 1926 695 1977 Nascitur
706 1925 863 1978 diversorio

561 2015 680 2066 Manena
691 2016 722 2066 in
735 2015 825 2079 patris
836 2013 921 2066 solio,

252 2192 279 2258 5,
296 2191 323 2246 1.
339 2189 400 2246 Cir.
417 2188 498 2260 apud
513 2187 652 2245 Monium
665 2197 697 2242 11ο
710 2187 763 2242 48:
778 2187 813 2240 ln
823 2200 973 2257 praesepe
984 2186 1111 2256 ponitur
1126 2186 1184 2243 suh
1195 2186 1289 2243 foeno

213 2287 380 2344 asinorum.
401 2303 466 2339 -1
483 2288 564 2341 Bene
592 2283 624 2340 in
649 2283 824 2340 Bethlehem
839 2283 986 2353 nascitur,
1001 2283 1103 2354 inquit
1118 2283 1284 2353 Gregorius

214 2385 255 2439 M.
272 2384 393 2439 Homel.
410 2383 442 2437 in
465 2379 664 2449 trangit,
681 2379 706 2447 1,
723 2380 899 2435 Bethlehem
924 2378 1039 2450 quippe
1065 2378 1176 2435 domus
1195 2379 1285 2450 panis

213 2481 448 2551 interpretatum
466 2479 533 2549 ipse
555 2491 687 2547 namque
701 2480 750 2532 est
764 2477 818 2548 qui
830 2478 872 2533 ait
887 2493 895 2531 :
911 2490 969 2545 ego
992 2489 1060 2532 sum
1078 2477 1167 2548 panis
1181 2477 1288 2570 vivus,

214 2577 268 2647 qui
280 2575 318 2633 d'e
330 2577 409 2632 coelo
429 2574 574 2632 descendi
590 2592 614 2626 1.

250 2675 377 2731 xxxtl.
392 2677 424 2730 B.
437 2673 490 2730 161.
506 2674 541 2729 87
554 2672 584 2739 b;
600 2673 631 2728 G.
644 2671 748 2728 16130
760 2686 786 2727 6.
803 2672 1011 2730 -Lectiones
1027 2671 1183 2729 variantes
1197 2687 1204 2728 :
1218 2671 1245 2737 i,
1259 2670 1287 2726 3.

216 2772 470 2843 Quodparvulus,
487 2774 518 2828 C.
535 2799 571 2809 -
584 2770 613 2838 2,
628 2769 655 2823 1.
672 2769 759 2825 Omni
770 2768 863 2824 tuerit
872 2768 978 2826 dolore
991 2770 1131 2836 nescius,
1146 2772 1179 2838 B,
1194 2781 1287 2840 quam

216 2867 379 2924 lectionem
392 2867 476 2924 Pitra
494 2867 620 2922 secutus
637 2868 694 2927 est,
708 2865 783 2921 licet
796 2879 866 2921 cum
885 2865 1028 2935 rhythmo
1040 2869 1207 2936 pugnet-
1216 2866 1246 2935 5,
1259 2866 1288 2919 2.

218 2968 315 3031 Quem
328 2953 504 3036 parvulum,
522 2968 556 3021 B.

252 3053 427 3110 Adnotanda
443 3055 490 3122 :1,
508 3055 535 3110 1.
556 3053 673 3109 Similia
702 3054 784 3119 sunt,
811 3067 890 3122 quae
909 3055 1025 3108 Alanus
1049 3053 1085 3108 ah
1108 3051 1221 3107 insulis
1255 3051 1290 3107 in

216 3150 359 3220 rhythmo
373 3151 411 3206 de
425 3151 590 3206 Nativitate
602 3149 729 3221 profert,
744 3149 795 3205 ubi
808 3153 878 3221 post
893 3151 967 3206 alias
983 3153 1064 3206 artes
1079 3151 1282 3219 geometriam

222 3248 402 3318 loquentem
413 3245 485 3301 16611
501 3262 508 3301 :

566 3394 639 3444 Suae
656 3393 724 3443 artis
737 3391 767 3442 in
782 3392 903 3444 censura

601 3481 749 3530 Geometra
759 3480 877 3538 fallitur,

569 3565 645 3616 Dum
659 3568 817 3618 immensus
829 3566 883 3617 sub
897 3579 1032 3617 mensura

603 3657 790 3708 Terrenorum
807 3656 928 3718 sistitur,

574 3748 607 3798 ln
622 3746 760 3799 directum
773 3749 921 3800 curvatura

605 3835 711 3886 Circuit
722 3835 905 3892 convertitur,

572 3922 726 3986 Sphaeram
743 3921 848 3973 claudit
864 3922 1015 3972 curvatura

606 4011 641 4060 Bt
657 4011 711 4062 sul)
723 4012 787 4076 ipsa
800 4009 951 4062 clauditur.

268 4210 296 4282 3,
309 4212 326 4267 3
341 4227 387 4285 sq.
403 4231 416 4267 ‹
435 4216 525 4270 Lacte
539 4215 675 4271 nutritur
688 4215 773 4271 cibus
793 4215 972 4284 angelorum
988 4230 1012 4281 1,
1026 4205 1137 4268 Petrus
1157 4208 1301 4267 Damiant
