2992 5048
680 843 724 896 Ad
741 845 876 898 Tertiam.

246 1031 278 1102 t.
330 1002 372 1098 in
391 1027 499 1098 altum
511 1029 624 1100 orbita
641 1033 658 1071 ⁴¹
676 1031 762 1100 solis
779 1030 854 1120 jam
871 1030 1024 1116 ducitur,

248 1571 280 1639 2.

251 2647 286 2716 ir,

334 1143 504 1234 Calorque
522 1145 669 1234 proiicit,
689 1147 706 1184 *
724 1165 793 1236 quo
812 1145 965 1214 mundus
983 1144 1100 1230 alitur,

333 1259 409 1328 Lux
427 1259 591 1350 primum,
608 1259 739 1329 ‚deindo
757 1266 774 1303 *
794 1261 889 1330 calor
909 1260 1120 1342 infunditur,

336 1373 425 1443 Cum
444 1373 548 1444 iidem
567 1375 696 1445 caritas
709 1378 727 1415 *
745 1375 782 1443 in
801 1374 1092 1466 nobisnequitur.

336 1572 434 1640 Hanc
449 1571 561 1640 lucem
580 1570 662 1640 fidei
679 1575 696 1612 *
716 1571 767 1640 sol
783 1591 890 1642 verus
904 1571 1035 1656 attulit,

338 1687 497 1755 incarne
514 1685 664 1755 verbum
680 1706 761 1755 num
778 1689 799 1725 *·
812 1689 875 1756 iios
890 1686 1105 1773 visitaverit,

340 1799 461 1868 Zelum
476 1799 704 1869 fortissimum
721 1798 738 1836 *
756 1799 885 1867 amoris
899 1799 1017 1869 attulit

338 1915 412 1983 Hac
427 1913 515 1983 hora
533 1913 687 2004 spiritns,
703 1921 723 1965 ·*
741 1934 845 2010 quern
863 1914 1012 1984 verbum
1032 1913 1187 1984 miserit

276 2160 284 2176 .
339 2111 427 2179 Hinc
445 2116 539 2179 recte
557 2108 729 2199 spiritus*
748 2109 783 2177 in
803 2111 884 2199 igne
902 2108 1001 2179 visus
1014 2115 1069 2180 est

339 2224 450 2313 Super
463 2221 645 2313 apostolos,
666 2224 682 2261 *
700 2242 780 2291 oum
798 2221 862 2292 hoc
882 2222 1045 2312 largitum
1064 2231 1130 2311 est,

333 2330 426 2407 'Nam
444 2336 535 2426 ignis
553 2356 651 2406 amor
669 2344 734 2423 est,
754 2337 848 2427 *qui
866 2345 1001 2408 mentes
1019 2337 1165 2424 animat,

339 2452 384 2523 Ut
398 2458 521 2521 testam
539 2451 669 2521 luteam
685 2450 815 2541 *ignis¹
826 2451 1040 2522 corroborat.

344 2646 490 2714 Perenni
505 2643 679 2714 Domino*
697 2664 822 2735 perpes
841 2644 887 2712 sit
905 2643 1029 2734 gloria,

341 2760 393 2830 Ex
409 2781 476 2849 quo
490 2767 584 2845 sunt,
598 2780 776 2851 perquem
788 2759 949 2845 sunt‚*in
968 2779 1037 2848 quo
1055 2766 1139 2830 sunt
1166 2758 1284 2829 omnia

343 2879 394 2947 Ex
412 2897 479 2968 quo
498 2882 593 2959 sunt,
613 2881 712 2967 pater
727 2881 791 2960 est,
809 2873 902 2965 *per
920 2896 1024 2966 quern
1042 2884 1138 2964 sunt,
1160 2876 1266 2963 filius,

341 2970 380 3062 ln
401 3016 468 3085 quo
486 3001 581 3080 sunt,
595 2993 706 3085 patris
724 2991 787 3063 et*
804 2993 866 3061 fitii
880 2994 1039 3083 spiritus,
