2992 5048
571 429 730 486 ‚251-

584 657 720 727 CXXVI

554 822 616 876 In3
630 824 784 876 Nocturno.

212 1041 244 1107 l.
300 1040 337 1110 Si
353 1061 432 1109 cum
450 1038 536 1108 viris
553 1037 729 1110 *seminas
743 1041 946 1110 contendere

300 1154 350 1222 De
366 1153 496 1221 virtute
512 1153 529 1189 *
547 1153 649 1221 liceat
660 1155 886 1239 constantiae,

303 1269 385 1346 Quis
404 1269 561 1337 virorum
574 1268 591 1304 *
605 1267 731 1336 mentis
750 1269 949 1338 tortitudine

303 1381 500 1472 Adaequeri
513 1382 530 1418 *
544 1381 653 1470 possit
667 1380 791 1472 Jephte
804 1380 907 1463 filiae,

395 1498 490 1576 Quae
510 1517 553 1565 ne
571 1497 642 1567 uoti
661 1500 677 1538 *
695 1504 794 1586 pater
812 1518 895 1567 reus
909 1498 966 1581 sit,

396 1614 441 1683 Se
460 1613 668 1683 victimam*
683 1612 772 1702 patei
792 1612 965 1702 praebuit.

217 1833 252 1900 2.
308 1831 397 1911 Quid
416 1833 555 1901 fecisset
573 1836 590 1872 *
608 1833 643 1900 in
658 1852 768 1922 agone
784 1840 989 1922 martyrum,

308 1948 345 2017 Si
360 1967 489 2038 negare
505 1949 522 1986 '¹‘
535 1954 717 2037 cogeretur
728 1947 929 2032 Dominum,

307 2061 406 2131 Unde
419 2068 515 2132 tanta
532 2063 549 2099 *
566 2061 713 2151 virginis
727 2062 924 2131 constantin

308 2175 463 2254 Quadam
482 2176 587 2264 pollet
604 2176 620 2212 *
637 2176 785 2265 spiritali
803 2163 927 2266 gnatia,

394 2293 439 2360 Ut
451 2292 622 2360 solemnes
638 2290 654 2328 *
672 2290 792 2380 hymni
810 2290 989 2381 virginum

393 2406 633 2495 virgineum*
651 2406 766 2475 colant
782 2407 926 2474 exitum.

213 2629 246 2692 t.
299 2626 398 2695 Multi
417 2627 516 2694 vini*
536 2627 636 2695 iactis
655 2626 902 2696 excellentibus

304 2739 516 2809 Liberanunt
533 2743 549 2781 *
568 2741 687 2809 lideles
707 2740 751 2809 ab
771 2741 944 2814 hostibus,
1073 2719 1076 2727 ⁴

304 2852 454 2924 Hesthen
473 2854 578 2924 sola*
597 2855 776 2924 liberando
800 2856 964 2946 populum

306 2967 395 3037 Hinc
413 2968 572 3038 festivum
592 2978 609 3014 *
628 2971 754 3039 meruit
767 2971 998 3059 praeconium,

295 3133 302 3148 .
396 3086 442 3153 Ut
460 3085 638 3174 scilicet„*
653 3105 758 3174 quam
773 3087 922 3153 emineat

396 3195 652 3266 Feminarum*
671 3198 795 3282 virtus,
817 3202 945 3286 pateat.

216 3414 250 3482 l.
309 3415 484 3492 Quantum
502 3417 628 3505 quippe
645 3422 662 3458 *
680 3436 785 3486 sexus
803 3414 858 3485 hic
881 3423 934 3485 est
952 3414 1100 3504 fragilis,

307 3529 357 3596 Eo
376 3530 516 3598 virtus*
535 3530 643 3619 ipsius
657 3531 837 3616 mirabilis

309 3641 422 3729 Majus
439 3641 552 3710 laudis
575 3645 715 3734 *exigit
734 3645 955 3734 praeconium

307 3756 345 3823 In
364 3759 611 3847 praecelsum*
631 3759 795 3848 erigenda
814 3759 964 3831 titulum.

397 3874 466 3962 Ipsi
484 3873 602 3960 decus,
618 3874 713 3963 *Ipsi
725 3875 846 3963 gloria,

397 3988 462 4066 Qui
476 3994 527 4058 tot
545 3987 659 4057 facit*
679 3988 862 4058 mirabilia.
