2992 5048
686 427 831 483 -gp..

212 549 261 603 est
279 544 417 616 dubium,
435 545 510 616 quin
530 546 567 602 oh
586 549 692 605 oeulos
711 549 852 607 hahuerit
872 547 1090 617 columbanus,
1105 561 1175 604 cum
1196 550 1279 607 scri·

215 643 307 701 beret
320 660 328 700 ε

402 789 488 840 Beate
503 789 618 851 ramilis,
630 803 702 856 quse
714 791 744 841 in
762 790 829 841 altis
846 789 965 849 habitet,

402 877 459 930 Ubi
469 890 556 929 senex
569 893 627 931 non
644 883 739 945 gemat
750 893 843 945 neque
859 880 954 930 inians
968 877 1076 943 vagiat,

401 965 458 1019 Ubi
469 965 567 1020 leudes
581 968 698 1019 Domini
710 967 791 1019 nulla
800 982 856 1021 vox
870 967 985 1027 retinet,

354 1063 358 1072 ⁴
405 1053 461 1105 Ubi
474 1066 620 1119 nunquam
637 1056 772 1116 esuritur,
788 1054 837 1106 ubi
849 1067 996 1120 nunquam
1009 1053 1114 1114 sititur,

405 1138 462 1190 Ubi
479 1137 541 1191 cibo
555 1152 678 1203 superno
691 1140 773 1206 plebs
788 1140 914 1192 coelestis
925 1139 1060 1205 pascitur,

408 1227 464 1280 Ubi
479 1240 562 1280 nemo
576 1231 697 1281 moritur
708 1230 776 1295 quia
784 1242 869 1281 nemo
880 1230 1021 1287 nescitur,

405 1314 462 1368 Ubi
472 1317 538 1367 sule
550 1317 630 1382 regia
644 1318 772 1370 coelestis
792 1318 928 1393 pascitur,

408 1406 441 1455 in
453 1418 510 1469 qua
521 1403 595 1455 male
606 1416 744 1457 resonans
751 1404 832 1456 nulle
842 1418 895 1455 vox
903 1403 999 1455 audite
1010 1406 1062 1454 est.

258 1591 323 1649 cn.
341 1591 465 1648 Patricii
480 1591 630 1660 Flemingi
644 1591 770 1648 Hiberni
792 1593 984 1648 collectanea
1005 1592 1095 1646 Sacra
1115 1590 1162 1647 ed.
1179 1591 1287 1656 altera,

223 1690 351 1746 Lovanii
364 1691 444 1759 16117,
453 1706 483 1762 p.
495 1690 627 1757 180.-—l,
635 1690 663 1744 2.
677 1692 795 1744 «Nemo
807 1689 919 1759 quippe
928 1687 961 1742 in
972 1687 1156 1743 hocsaeculo
1167 1700 1227 1743 non
1237 1700 1289 1756 pe·

222 1785 365 1854 regrinus
375 1788 432 1855 est,
443 1786 585 1858 quamvis
596 1799 657 1841 non
668 1799 773 1842 omnes
783 1784 822 1841 ad
831 1785 959 1855 patriam
969 1783 1071 1840 redire
1079 1784 1256 1842 desiderent
1264 1802 1288 1840 r.

222 1883 299 1951 Aug.
313 1885 409 1939 Serm.
421 1885 458 1940 75
470 1883 509 1940 de
518 1883 744 1952 verbisilvang.
757 1897 787 1938 n.
802 1884 831 1938 2.
842 1883 875 1938 ln
888 1881 1019 1938 eundem
1028 1896 1152 1939 sensum
1165 1882 1292 1952 Cypria-

225 1992 296 2048 nus,
310 1979 389 2036 libro
405 1979 443 2037 de
457 1980 650 2048 mortalitate,
666 1994 692 2035 1.
712 1982 770 2035 26:
791 1997 805 2033 ι
825 1978 1082 2036 Considerandum
1097 1983 1153 2046 est,
1179 1978 1290 2035 fratres

224 2075 425 2147 dilectissimi,
442 2080 474 2133 et
493 2077 658 2134 identidem
672 2077 875 2147 cogitandum,
891 2076 1084 2133 renuntiasse
1105 2090 1160 2132 nos
1175 2075 1290 2132 mundo

224 2174 256 2228 et
278 2175 433 2244 tamquam
451 2174 586 2245 hospites
602 2176 634 2230 et
652 2174 831 2244 peregrinos
850 2172 918 2229 istic
937 2172 1061 2229 interim
1082 2172 1204 2242 degere.
1218 2177 1288 2229 Am·

219 2269 389 2341 plectamur
403 2271 493 2339 diem,
509 2271 562 2342 qui
580 2270 720 2340 adsignat
742 2269 880 2338 singulos
895 2268 1048 2326 domicilio
1070 2283 1138 2338 suo,
1156 2269 1289 2340 quinos

222 2363 334 2420 isthinc
345 2368 467 2436 ereptos
479 2369 511 2422 et
520 2365 640 2436 laqueis
657 2365 865 2422 saecularibus
879 2365 1035 2421 exsolutos
1057 2364 1200 2435 paradiso
1219 2378 1286 2421 res·

222 2459 306 2518 tituil
327 2464 358 2517 et
377 2475 488 2530 regno,
514 2461 587 2528 Quis
611 2455 828 2532 non'peregre
851 2461 1038 2518 constitutus
1059 2464 1242 2533 properaret
1255 2461 1288 2517 in

221 2558 350 2630 patriam
364 2557 509 2628 regredi?
522 2560 591 2630 quis
606 2573 668 2615 non
683 2559 721 2616 ad
737 2574 810 2616 suos
825 2559 971 2628 navigare
982 2558 1144 2627 festinans,
1161 2560 1290 2615 ventum

221 2668 404 2726 prosperum
415 2654 555 2725 cupidius
563 2657 692 2725 optaret,
701 2657 736 2711 nt
749 2655 899 2710 velociter
905 2667 995 2709 caros
1006 2653 1115 2709 liceret
1121 2653 1265 2724 amplecti
1274 2650 1307 2734 t·

224 2752 356 2808 Patriam
371 2754 505 2807 nostram
520 2751 924 2822 paradisumcomputamus,
941 2752 1085 2820 parentes
1099 2741 1289 2826 patriarchas

226 2848 338 2905 hahere
359 2848 424 2918 jam
438 2848 605 2919 coepimus.
624 2847 703 2915 Quid
721 2861 784 2903 non
805 2861 1009 2918 properamus
1021 2849 1051 2903 et
1073 2847 1237 2915 currimus,
1253 2850 1289 2903 ut

223 2943 354 3015 patriam
368 2945 503 2999 nostram
517 2943 634 3013 videre,
648 2946 684 2999 ut
696 2947 840 3013 parentes
853 2944 989 3000 salutare
1002 2943 1157 3015 possimus
1171 2941 1231 2998 1....
1242 2943 1289 3001 Ad

225 3041 292 3106 hos,
307 3041 418 3097 iratres
433 3040 638 3106 dilectissimi,
659 3040 749 3096 avida
764 3040 929 3110 cupiditate
947 3054 1158 3111 properemus,
1170 3043 1205 3097 ut
1219 3054 1290 3096 cum

221 3136 343 3193 hiscite
363 3150 442 3205 esse,
461 3138 498 3192 ut
511 3136 571 3192 cito
594 3136 635 3193 ad
647 3136 802 3192 Christum
822 3136 930 3192 venire
946 3136 1102 3206 contingat
1129 3139 1284 3207 optemus.

221 3235 306 3290 Hauc
315 3232 529 3302 cogitationem
548 3235 685 3289 nostram
704 3236 784 3289 heus
798 3233 909 3302 rideat,
925 3234 982 3290 hoc
996 3234 1188 3304 propositum
1206 3247 1289 3290 rnen·

220 3329 261 3386 tis
275 3333 306 3386 et
318 3328 389 3386 tidei
398 3328 544 3385 hominus
560 3329 700 3385 christus
711 3328 867 3400 adspiciat,
875 3329 1003 3386 daturus
1018 3330 1063 3385 eis
1079 3329 1197 3399 gloriae
1209 3344 1285 3386 suae

222 3427 371 3499 ampliora
382 3426 527 3498 praemia,
545 3440 677 3497 quorum
688 3427 769 3483 circa
784 3427 944 3484 sciuerint
963 3426 1117 3484 desideria
1130 3427 1246 3497 maiora
1259 3445 1285 3485 r.

221 3555 259 3565 -
271 3526 299 3594 5,
315 3527 343 3580 2.
360 3523 420 3587 Gir.
436 3526 486 3580 Ps.
504 3525 565 3592 136,
580 3524 608 3580 3.
