2992 5048
550 826 587 895 ln
606 846 721 895 ansuis
740 825 926 894 Viaeinun.

633 1015 666 1066 ln
681 1014 863 1067 1Noeturno.

211 1220 245 1290 1.
299 1221 431 1309 Sponsa
449 1217 579 1288 Christi
597 1216 613 1252 *
632 1225 705 1288 tam
717 1217 816 1306 virgo
840 1235 945 1304 quam
966 1222 1095 1303 martyr
1114 1218 1179 1297 est,

299 1332 407 1420 Cujus
425 1332 540 1422 palma
559 1332 576 1368 *
594 1328 743 1400 celebris
762 1329 847 1397 haee
862 1327 937 1396 dies
957 1335 1033 1413 est3

299 1447 419 1515 Palma
436 1446 562 1538 duplex
578 1444 595 1480 *
609 1447 735 1515 festum
751 1463 917 1534 praesens
937 1443 1122 1533 germinat,

300 1561 409 1650 Virgo
427 1580 580 1655 oannem,
594 1564 617 1598 ·*
636 1565 770 1648 martyr
785 1557 921 1629 hostem
935 1563 1098 1646 superat;

393 1676 483 1744 Hinc
501 1675 638 1763 igitur*
657 1673 781 1763 psalmi
795 1678 972 1756 resonent,

394 1788 603 1860 Lectiones*
617 1787 698 1859 inde
710 1795 928 1878 concrepent.

242 2088 249 2100 .
304 2035 453 2105 Haecin
471 2035 558 2105 vinis
575 2035 731 2126 *duplex
749 2037 865 2126 palma
884 2037 996 2107 rarior

306 2147 444 2217 Eminet
457 2147 524 2215 in*
542 2148 680 2217 faminis
694 2149 847 2234 uberior,

307 2262 438 2352 thue
456 2261 595 2331 sexus*
613 2261 738 2331 harum
749 2270 802 2332 est
821 2260 1004 2346 infirmior,

305 2377 363 2447 Sic
383 2377 540 2467 ipsarum
556 2377 574 2415 *
590 2380 703 2450 virtus
721 2380 925 2466 mirabilior,
939 2448 943 2459 ,

273 2488 277 2497 ’
392 2492 436 2561 Et
450 2493 637 2581 ipsarum*
654 2501 750 2563 tanto
763 2494 898 2586 gratior

396 2607 453 2677 Fit
465 2607 590 2692 hostia,
610 2608 774 2696 *quanto
795 2609 926 2698 purior.

220 2857 254 2922 ‘.
309 2855 449 2944 Integra
463 2861 534 2924 lam
544 2854 700 2944 *spiritu
719 2876 829 2944 qnam>
839 2876 995 2947 corpore,

307 2967 586 3036 Holocaustum*
603 2987 728 3036 venum
741 2969 782 3037 fit
795 2989 838 3036 ex
858 2969 1006 3057 virgine,

307 3082 362 3152 Ad
378 3082 559 3150 incensum
572 3082 589 3118 *
602 3082 709 3171 hujus
727 3084 819 3153 reler
834 3084 971 3153 hostiae

306 3197 417 3268 Rulae
435 3206 586 3288 typum*
604 3206 638 3268 et
658 3198 803 3267 tenellae
822 3198 952 3268 vitulae
967 3224 976 3285 ;

395 3312 468 3382 Illic
486 3314 641 3383 umbra*
659 3312 721 3382 sed
736 3313 792 3382 hie
813 3317 955 3398 veritaS,

391 3429 433 3500 Si
451 3449 509 3498 reo
526 3429 664 3519 signis*
677 3429 765 3499 bene
783 3430 953 3499 conferas·

240 3728 248 3745 .
306 3676 400 3753 Quae
418 3695 478 3746 oon
502 3675 606 3745 Deo*
624 3696 688 3765 pen
705 3696 743 3744 se
761 3680 1038 3760 consecraverat,

305 3792 373 3860 Per
383 3791 570 3861 lictorem*
594 3811 686 3860 nuno
704 3797 738 3858 et
752 3809 878 3879 corpus
900 3796 1089 3876 consecrat,

303 3905 567 3976 Consecratus*
587 3906 656 3975 Deo
675 3905 826 3995 primum
846 3907 983 3974 animus

308 4021 408 4098 Hosti
422 4020 582 4112 eorpus*
606 4021 746 4111 exponit
765 4019 971 4110 intrepidus.

398 4139 467 4226 Ipsi
486 4137 605 4222 decus,
625 4137 642 4174 *
660 4136 724 4225 ipsi
738 4136 860 4225 gloria,

397 4251 463 4330 Qui
481 4258 532 4322 tot
550 4251 665 4321 fecit*
684 4248 866 4319 mirabilia.
