2992 5048
587 435 748 491 ..109-

614 671 721 740 XLlV

546 837 612 888 1u3
635 839 788 891 Nocturna.

139 1049 168 1115 l.
226 1047 385 1118 Solus‘ad
399 1048 576 1118 victimam
594 1060 611 1097 *
629 1050 801 1138 procedis,
820 1052 973 1138 Domine,

224 1165 323 1235 Morti
336 1172 370 1234 ta
390 1165 550 1250 atterens,
571 1174 587 1210 *
605 1187 711 1254 quam
730 1168 828 1237 venis
849 1169 977 1254 toliere,

227 1280 315 1359 Quid
330 1301 394 1350 nos
404 1281 594 1350 miserrimi
612 1290 628 1326 *
643 1279 831 1372 possumus
846 1282 972 1371 dicere,

226 1399 303 1484 Qui,
320 1419 410 1488 quae
422 1397 673 1483 commisimus,
696 1403 712 1439 *
734 1399 862 1468 scimus
877 1397 1027 1468 toiuere.

143 1655 176 1716 ⁶..
237 1649 364 1718 Nostra
384 1655 479 1732 sunt,
497 1648 654 1731 Domine,
675 1655 691 1691 *
710 1657 826 1716 nostra
841 1656 922 1718 sunt
941 1647 1096 1733 crimina,

229 1764 293 1840 Qui
307 1772 367 1834 tua
383 1763 569 1832 criminum
587 1771 603 1806 *
622 1761 707 1831 iacis
723 1764 901 1853 supplicia,

229 1877 361 1957 Quibus
376 1878 426 1946 sic
439 1877 587 1966 compati
605 1884 621 1920 ⁸²
640 1875 694 1945 sac
711 1885 827 1945 nostra
849 1886 996 1966 pectora,

222 1994 274 2063 ·Ut
286 1993 340 2063 vel
356 1993 545 2082 compassio
561 2000 577 2036 *
596 1990 700 2082 digna
728 1992 773 2061 sit
793 1993 907 2060 venia.

229 2236 303 2303 Nox
317 2234 386 2304 ista
399 2234 553 2303 flebitis*
572 2253 805 2323 praeseusque
830 2233 997 2320 triduum,

225 2351 298 2428 Quo
313 2349 551 2418 demorabitur
569 2352 585 2388 *
605 2349 719 2433 fletus,
740 2349 784 2418 sit
799 2369 996 2438 vesperum,

173 2551 175 2559 ἲ
224 2465 338 2533 Donec
356 2464 506 2533 laetrtiae
526 2472 542 2507 *
562 2483 663 2532 mane
677 2463 915 2554 gratissimum

228 2579 399 2668 Surgente
415 2577 560 2645 Domino
579 2583 595 2619 ⁸²
615 2579 661 2646 sit
680 2579 820 2646 moestis
836 2579 1021 2657 redditum.

164 2877 173 2893 .
231 2828 282 2895 Tu
300 2829 364 2899 tibi
379 2830 526 2919 compati
546 2836 562 2872 *
581 2828 787 2913 siriacum,
803 2828 957 2912 Domino,

223 2944 317 3012 Tuae
335 2946 522 3034 participes
540 2951 556 2987 *
576 2951 613 3012 ut
629 2943 742 3011 simus
759 2943 904 3033 gloriae,
919 2975 922 2981 ·

223 3059 282 3127 Sic
301 3081 466 3149 praesens
486 3059 639 3129 triduum
657 3065 674 3100 *
694 3059 730 3125 iu
750 3059 844 3127 luctu
865 3061 1004 3147 ducere,

225 3174 270 3242 Ut
285 3176 394 3244 risum
416 3176 549 3246 tribuas
568 3183 584 3219 *
604 3173 773 3264 paschalis
792 3176 938 3264 gratiae.
