2992 5048
717 437 861 492 ‚55-

659 710 661 715 ·
737 669 841 737 xxii

652 837 759 905 Fenm
783 855 937 913 omnm.

694 977 738 1029 Ad
760 976 888 1028 Laudes.

268 1168 299 1234 1.
355 1145 483 1244 Quarta
500 1164 560 1234 lux
578 1164 718 1234 decorat
735 1168 752 1204 *
770 1165 905 1234 eoelum
923 1161 1108 1245 sideribus,

359 1281 512 1358 Quorum
534 1287 722 1370 perpetuus
749 1282 885 1369 *vigor
906 1283 958 1347 est
977 1277 1112 1366 igneus,

363 1397 457 1474 Quae
480 1417 659 1485 nunquam
677 1395 814 1481 excidit,
834 1401 851 1438 ‘¹‘
869 1395 919 1464 sie
937 1393 1047 1462 servet
1065 1391 1204 1476 emitae,

358 1513 411 1590 Qu
421 1533 452 1582 ie
471 1514 538 1582 sihi
552 1512 707 1580 vindicat
718 1516 735 1551 *
749 1511 849 1579 sedes
864 1509 1057 1579 aethereas,

281 1711 314 1777 2.
369 1709 477 1797 Cujus
492 1707 686 1798 quadrifide
698 1708 715 1744 *
728 1707 782 1774 lex
801 1705 1017 1797 evangelium

365 1825 506 1893 Constat
521 1824 563 1892 ed
582 1831 730 1912 quatuor
748 1822 764 1858 *
782 1822 918 1890 dierum
936 1840 1120 1888 numerum

370 1938 534 2016 Quadrati
552 1938 705 2028 eorporis
723 1934 739 1971 *
756 1945 808 2006 est
827 1957 953 2024 migne
971 1935 1131 2018 sirmiae,

288 2043 301 2073 '
367 2054 410 2120 Et
428 2059 550 2122 cuncta
563 2052 710 2120 sustinet
727 2048 743 2085 *
763 2050 890 2120 invicte
905 2049 1043 2142 ceritas.

247 2240 259 2260 ⁶
277 2249 310 2316 3.
365 2249 542 2317 Virtutum
560 2249 686 2317 ceritas
700 2244 716 2281 *
730 2255 781 2317 est
795 2247 1059 2331 consummem,

363 2362 483 2432 Virilis
500 2361 629 2430 virium
645 2362 662 2397 *
679 2362 967 2452 aetaeperfeeiie,

364 2479 410 2547 Ui
428 2498 553 2567 eorpus
570 2477 720 2546 hominis
737 2483 754 2519 *
774 2477 837 2546 hoe
856 2479 976 2567 implet
992 2478 1141 2563 virihuS,

368 2592 425 2661 Sic
448 2598 598 2660 mentem
614 2593 741 2661 ceritas
757 2599 1001 2662 *consummet
1016 2592 1185 2660 moribus,

282 2790 315 2857 i.
371 2788 518 2857 Perenni
537 2790 680 2859 Domino
694 2796 711 2831 *
727 2811 850 2880 perpes
865 2791 911 2859 sit
925 2791 1052 2882 gioria,

369 2905 421 2972 Ex
443 2925 510 2994 quo
526 2913 619 2989 sunt,
637 2925 699 2993 per
715 2926 817 2994 quem
832 2914 926 2987 sunt,
943 2912 959 2947 *
976 2909 1011 2974 in
1025 2929 1094 2997 quo
1108 2914 1190 2976 suni
1204 2910 1319 2976 omnia
1335 2931 1344 2976 :

371 3021 423 3087 Ex
441 3040 508 3108 quo
524 3026 615 3104 suni,
634 3028 730 3109 pater
749 3027 812 3106 esi,
831 3028 848 3064 *
867 3042 927 3108 per
946 3043 1050 3110 quem
1074 3029 1169 3107 suni,
1197 3023 1302 3105 iilius,

374 3136 493 3222 Inque
508 3141 599 3216 sunt,
618 3133 726 3223 petris
741 3143 775 3203 et
791 3140 808 3175 *
822 3137 883 3205 iiiii
898 3137 1056 3225 spiritus.
