2992 5048
721 428 861 485 ...87-

253 553 310 626 qui
324 553 482 610 extollitur
497 553 528 607 et
539 553 679 608 elevatur
695 565 791 624 super
803 564 905 621 omne,
931 548 1012 622 quod
1030 549 1141 607 dicitur
1169 553 1250 608 Deus
1264 533 1321 610 ant

257 648 471 722 quodcoiitur,
487 649 571 704 tanta
587 647 681 705 fuerit
693 648 863 716 tribulano,
874 646 952 703 utin
963 660 1099 704 errorem
1119 647 1318 720 inducantur,

256 745 286 806 si
297 747 366 804 fleri
378 749 490 818 potest,
510 746 601 802 etiam
617 745 706 801 electi
721 744 930 816 subsequente
946 743 1047 800 statim
1071 745 1147 802 hora
1159 745 1322 802 universa·

258 847 299 903 lis
313 843 434 915 judicii,
453 843 492 900 de
519 856 580 914 qua
597 843 833 913 scriptumest:
860 842 1088 897 Verumtamen
1106 841 1193 913 fitius
1217 841 1323 901 homi·

165 1005 167 1008 v
260 941 460 1010 uincentem,
468 942 578 1010 putus,
594 937 733 995 inueniet
747 939 848 1010 fldem
872 936 908 992 in
924 939 1037 994 terro»
1054 936 1069 992 t
1084 939 1155 995 Luc.
1177 938 1223 1009 18,
1243 942 1270 998 8.
1287 942 1323 997 ln

262 1041 403 1098 eumdem
417 1052 543 1096 sensum
555 1037 745 1106 Augustinus
761 1053 768 1091 ε
785 1055 798 1089 a
813 1036 898 1095 Sicut
913 1049 986 1105 ergo
1001 1038 1085 1093 sexto
1100 1036 1229 1095 disiecit
1243 1041 1325 1095 Deus

261 1136 416 1194 hominem
438 1135 477 1192 ad
502 1134 667 1202 imaginem
693 1147 790 1203 suam,
816 1132 860 1189 sie
886 1132 1062 1189 invenimus
1086 1137 1170 1191 sexto
1201 1136 1325 1192 saeculo

261 1232 386 1290 venisse
400 1233 562 1288 Dominum
574 1232 680 1288 desum
695 1230 862 1299 Christum,
876 1232 917 1285 ut
941 1229 1160 1288 reformaretur
1175 1232 1264 1289 homo
1288 1233 1328 1290 ad

261 1331 426 1399 imaginem
440 1329 504 1386 liei.
521 1329 658 1386 Primum
673 1328 756 1384 enim
766 1331 889 1398 tempus
904 1329 1060 1399 tamquam
1069 1327 1188 1399 primus
1208 1329 1273 1386 dies
1286 1330 1325 1387 ab

260 1429 357 1486 Adam
370 1442 470 1499 usquo
489 1426 528 1484 ad
549 1429 633 1494 Noe;
656 1425 826 1482 secundum
843 1428 967 1496 tempus
986 1427 1144 1497 tamquam
1172 1427 1326 1484 secundus

264 1525 329 1582 dies
341 1538 358 1580 a
372 1527 438 1580 Noe
447 1536 549 1593 usque
561 1522 599 1579 ad
606 1521 758 1578 Abraham
766 1537 776 1586 ;
785 1519 912 1577 tertium
922 1522 1043 1592 tempus
1052 1523 1208 1592 tamquam
1219 1523 1330 1580 tertius

264 1621 331 1679 dies
356 1618 393 1675 ab
401 1617 555 1673 Abraham
568 1630 669 1688 usque
690 1616 728 1673 ad
744 1615 858 1682 Davidt
881 1619 1024 1686 quartum
1038 1620 1159 1689 tempus
1171 1620 1329 1690 tamquam

256 1716 395 1794 quartus
411 1712 477 1769 dies
491 1726 508 1768 a
522 1711 619 1769 David
631 1725 733 1783 usque
749 1709 786 1767 ad
799 1710 1102 1781 transmigrationem
1120 1713 1330 1783 Babyloniaea

267 1810 409 1884 quintum
416 1812 539 1879 tempus
553 1812 709 1880 tamquam
718 1808 844 1879 quintus
857 1808 922 1865 dies
933 1823 951 1865 a
963 1809 1230 1879 transmigratione
1239 1811 1333 1882 Batty-

269 1906 373 1965 loniae
384 1921 486 1978 usque
501 1905 539 1962 ad
556 1904 814 1977 praedicationem
835 1906 997 1962 dohannis.
1025 1909 1132 1963 Sextus
1155 1908 1222 1972 dies
1232 1908 1297 1979 jam
1311 1922 1335 1966 a

268 2004 502 2076 praedieatione
515 2002 661 2059 Johannis
685 2002 787 2072 agitur
799 2015 899 2072 usque
928 2002 966 2060 ad
985 2003 1077 2060 finem
1091 2007 1121 2061 et
1142 2007 1214 2075 post
1240 2003 1334 2061 finem

274 2101 351 2159 sexti
366 2101 427 2159 diei
441 2101 641 2172 pervenimus
671 2098 708 2155 ad
730 2099 883 2170 requiem.
908 2099 997 2157 Modo
1016 2101 1110 2171 igitur
1136 2105 1240 2159 sextus
1266 2101 1333 2159 dies

258 2201 385 2269 agitur.
417 2198 526 2256 Videte
552 2197 626 2269 quid
658 2195 769 2252 habeat
790 2196 920 2253 titulus:
940 2200 982 2254 In
1009 2197 1094 2253 diem
1117 2202 1193 2255 ante
1216 2201 1336 2256 Scoto-

271 2299 351 2364 tum,
368 2295 503 2365 quondo
516 2293 662 2361 fundato
677 2296 720 2347 eat
741 2295 841 2348 terra.
871 2294 938 2348 tam
962 2293 1119 2350 audiamus
1135 2295 1237 2366 ipsum
1251 2296 1336 2367 psal-

269 2405 363 2457 mum,
398 2391 501 2461 ipsum
528 2390 764 2458 interrogemus,
781 2390 933 2460 quomodo
957 2389 1084 2447 fundata
1111 2395 1159 2448 est
1179 2394 1272 2461 terra,
1296 2406 1338 2448 ne

268 2487 347 2545 forte
355 2491 429 2545 tuno
438 2487 519 2544 iacta
526 2489 574 2543 est
583 2489 676 2542 terra.
688 2489 751 2543 Nec
759 2486 792 2541 in
802 2486 913 2542 Genesi
924 2486 967 2542 sic
977 2487 1118 2555 legimus.
1129 2489 1254 2557 Quando
1263 2501 1337 2559 ergo

270 2585 396 2643 mndata
411 2581 573 2641 estterrai
587 2582 724 2652 Quando,
736 2582 796 2637 nisi
817 2596 888 2638 cum
901 2583 945 2651 fit,
962 2583 1044 2653 quod
1058 2585 1172 2642 lectum
1185 2589 1234 2642 est
1246 2586 1337 2644 modo

261 2683 304 2738 in
315 2683 454 2752 apostolo
469 2697 475 2736 :
489 2680 644 2738 attamen
657 2679 748 2736 stam
763 2678 798 2735 in
809 2681 883 2751 fide,
901 2680 952 2749 ait,
963 2680 1088 2736 stabiles
1096 2685 1124 2735 et
1136 2681 1340 2738 immobiles?

274 2783 349 2838 Cum
367 2794 484 2850 omnes,
500 2779 553 2850 qui
566 2780 696 2837 credunt
709 2793 766 2850 per
776 2780 961 2837 universam·
969 2784 1094 2851 terram,
1103 2781 1197 2839 immo
1213 2782 1340 2839 stabiles

272 2880 348 2934 sunt
360 2878 394 2932 in
406 2876 668 2945 fide,iundataest
678 2879 771 2946 terra,
787 2881 860 2933 tunc
871 2877 907 2932 fit
920 2877 1010 2934 homo
1026 2878 1064 2935 ad
1085 2877 1252 2949 imaginem
1272 2880 1339 2950 Dei,

276 2974 358 3046 quod
372 2974 637 3044 significatsextus
663 2973 717 3029 ille
733 2972 844 3029 diesin
870 2974 990 3030 Genesi.
1018 2975 1076 3031 Sed
1095 2976 1247 3046 quomodo
1266 2973 1341 3032 iecit

271 3071 354 3128 illud
367 3069 469 3129 Deus‘t
482 3069 636 3137 Quomodo
650 3069 777 3127 tundata
788 3072 835 3127 est
847 3068 949 3126 terra‘t
964 3072 1102 3129 Christus
1111 3072 1208 3142 venit,
1220 3075 1258 3136 ut
1269 3071 1341 3128 iun-

267 3168 493 3226 daretterram.
502 3168 767 3224 Fundamentum
781 3166 870 3221 enim
881 3181 974 3224 nemo
982 3172 1085 3238 potest
1093 3183 1227 3240 ponere,
1238 3181 1341 3238 prae·

279 3270 326 3321 ter
337 3265 380 3334 iu,
392 3269 479 3336 quod
483 3266 628 3335 positum
637 3269 690 3333 ert,
703 3265 838 3336 quodest
851 3261 992 3319 Ohrutua
1003 3265 1111 3320 Jecur»
1123 3266 1148 3336 (1
1156 3266 1237 3335 Con,
1245 3265 1273 3334 3,
1281 3263 1340 3338 12).

274 3365 355 3430 Aug.
372 3344 483 3420 Enarrs
497 3363 529 3420 in
541 3367 591 3421 Ps.
606 3366 672 3431 102,
689 3377 718 3418 c.
744 3361 771 3417 1.

312 3461 435 3517 XXVII.
449 3464 482 3530 B,
494 3460 547 3517 iol.
560 3462 595 3518 86
604 3476 632 3518 a.
647 3490 684 3502 -
693 3459 847 3516 Lectiones
856 3456 1006 3514 vadantes
1019 3474 1025 3512 :
1038 3461 1177 3528 Hymnus
1188 3459 1220 3514 in
1234 3457 1345 3516 Codice

276 3571 295 3612 a
308 3557 506 3626 praecedenti
518 3558 600 3615 haud
624 3555 824 3626 distinguitur
838 3571 846 3622 3
862 3554 1096 3624 distinguendus
1116 3559 1219 3612 tamen
1238 3558 1296 3624 est,
1309 3556 1347 3611 nt

278 3654 619 3725 numerus'hymnorum
630 3653 878 3722 summumque
888 3652 972 3708 ullus
983 3655 1030 3708 est
1041 3653 1120 3709 alius
1133 3653 1231 3723 locus,
1241 3654 1275 3708 in
1284 3665 1348 3722 quo

275 3750 357 3806 diano
368 3752 595 3822 separationem
605 3750 684 3819 iteri,
701 3763 812 3807 sensus
826 3761 985 3819 nexusque
999 3763 1104 3806 rerum
1118 3749 1288 3820 permittat.
1313 3776 1352 3790 —

273 3847 306 3916 .3,
319 3848 346 3903 4.
363 3847 462 3919 Eique
473 3849 629 3915 feminam,
642 3850 666 3904 B
679 3865 687 3915 ;
702 3846 834 3903 correxit
846 3846 929 3902 Pitra
947 3844 1086 3918 ejusque,
1100 3847 1250 3903 correctio
1271 3843 1350 3902 satis

277 3943 459 4016 probabilis,
471 3945 544 4002 licet
557 3948 588 4002 et
598 3960 645 4014 ea,
662 3958 741 4016 quae
753 3942 851 4000 Codex
863 3941 965 4012 habet,
977 3943 1136 4001 intellectu
1151 3946 1182 4000 et
1193 3944 1348 4013 interpre-

278 4039 394 4096 tatione
406 4054 468 4096 non
485 4043 620 4097 careant.

314 4135 487 4193 Adnotanda
504 4153 510 4191 :
526 4140 553 4206 1,
565 4137 585 4191 2
598 4150 666 4207 sqq.
691 4133 828 4191 Celebris
849 4137 898 4188 est
911 4134 991 4203 apud
1003 4137 1107 4204 patres
1123 4135 1355 4207 scriptoresque

272 4233 502 4291 ecclesiasticos
517 4248 624 4291 omnes
646 4231 825 4290 dormientis
851 4229 948 4287 Adam
975 4231 1014 4288 ad
1028 4232 1183 4291 Christum
1207 4232 1241 4288 in
1262 4241 1357 4288 cruce
