2992 5048
675 395 840 453 437-

215 518 293 576 ioctc
319 531 390 576 mos
404 517 564 575 increbuit
578 518 614 576 in
635 521 740 578 Israel
763 524 792 576 et
816 519 1012 576 consuetudo
1030 521 1157 575 sonato
1180 522 1232 586 cst,
1249 523 1288 574 ut

211 619 288 689 post
317 615 403 673 ocni
426 614 590 673 circutum
614 616 810 696 conveniant
836 616 873 673 in
898 629 1003 673 onum
1021 614 1110 687 yitioc
1130 613 1233 674 Iunci
1261 623 1290 674 ct

213 718 384 785 pionpant
401 714 511 787 filiam
535 703 645 785 Jcpote
667 715 837 775 oozoottoe
860 714 968 772 diebus
991 717 1192 785 00010011-
1212 716 1239 783 3,
1260 716 1288 772 3.

220 812 282 872 Cir.
302 813 388 870 Esth.
405 814 433 883 9,
449 814 483 870 31
498 828 543 885 sq.
564 842 600 856 -

255 911 406 968 CXXVII.
421 914 502 980 -B‚
528 911 582 968 iol.
599 912 646 969 96.
660 911 692 968 h.
706 940 739 958 -ι
754 910 912 968 Lectiones
939 908 1110 966 variantes:
1130 910 1158 979 3,
1174 909 1201 974 3,
1226 909 1292 966 vile

220 1007 320 1078 magis
341 1007 470 1080 femina,
500 1011 533 1065 B.
561 1039 598 1051 -
620 1009 812 1066 1100110601
839 1008 916 1066 Huic
940 1007 1054 1078 hymno
1079 1001 1143 1064 una
1166 1007 1292 1079 stropha

220 1106 330 1164 deesse
342 1105 478 1178 videtur,
493 1109 560 1165 tum
574 1107 648 1180 quia
662 1107 883 1179 praecedentes
906 1104 1064 1178 quaternis
1088 1119 1194 1162 omnes
1210 1108 1288 1162 etro·

221 1203 525 1277 phisahsolyuntur,
553 1207 620 1262 tum
643 1205 717 1278 quia
740 1205 773 1261 in
799 1204 862 1262 tine
887 1203 1066 1273 doxologia:
1092 1202 1161 1272 ipsi
1185 1204 1291 1272 (10000,

222 1304 280 1358 010.
308 1300 513 1359 desideratur.
538 1333 575 1344 -
603 1305 630 1374 1,
659 1303 685 1359 1.
713 1304 827 1360 Nostra
856 1304 996 1374 tempora
1017 1302 1132 1359 sextam
1162 1301 1292 1358 aetatem

223 1397 331 1455 mundi
344 1412 410 1468 seu,
424 1413 504 1469 quae
517 1401 589 1470 post
600 1399 757 1456 christum
771 1401 878 1456 natum
889 1398 1053 1467 fluxerunt,
1068 1396 1190 1454 saecula
1202 1395 1294 1453 intel·

221 1493 291 1564 ligii
298 1498 415 1565 auctor,
429 1495 572 1567 quamvis
582 1511 659 1569 quas
674 1499 836 1554 enumerat
847 1496 988 1564 feminae,
998 1497 1085 1551 Anna
1097 1492 1223 1561 scilicet,
1235 1499 1292 1568 seu

221 1593 418 1664 prophetissa
441 1592 525 1666 (Luc.
541 1597 570 1664 2,
587 1592 632 1668 36)
646 1609 702 1652 seu
717 1597 816 1652 mater
844 1593 959 1650 Mariae
982 1591 1122 1662 virginis,
1153 1594 1184 1648 et
1194 1590 1292 1648 Elisa·

222 1687 296 1746 beth
310 1690 475 1748 zachariae
484 1692 536 1748 vix
551 1692 633 1749 inter
648 1691 724 1749 nori·
733 1691 909 1749 testamenti
920 1689 1049 1747 feminas
1072 1689 1295 1747 adnumerave-

223 1784 279 1841 ris.
295 1814 327 1824 -·
345 1786 402 1854 9,1
418 1801 464 1859 sq.
481 1788 579 1845 Maria
607 1787 790 1858 Magdalena
805 1786 1004 1858 corporaliter
1015 1784 1104 1843 unxit
1127 1785 1293 1857 (thristum,

226 1893 332 1951 regem
344 1886 376 1939 et
397 1884 586 1942 sacerdotem
607 1902 616 1952 3
644 1884 700 1942 illa
728 1884 847 1966 quippe
863 1882 979 1952 unctio,
999 1881 1037 1938 oh
1059 1895 1150 1953 quam
1167 1883 1293 1938 iesusa

227 1980 381 2036 Nazareth
394 1981 634 2039 antonomastice
646 1985 776 2040 vocatur
791 1981 943 2050 christus,
954 1978 1123 2052 spiritualis
1137 1979 1197 2035 imo
1212 1977 1291 2035 divi-

225 2079 356 2146 naarai,
373 2076 411 2134 de
423 2092 485 2149 qua
497 2078 571 2136 satis
583 2093 679 2152 supra
693 2080 732 2137 ad
741 2079 970 2150 hymnumXLV
985 2090 1017 2148 p.
1034 2077 1096 2132 166.
1111 2090 1156 2146 sq.
1171 2074 1249 2132 ilinc
1262 2074 1294 2130 in

224 2173 444 2244 pulcherrimis
456 2175 578 2246 hymnis
592 2176 631 2233 de
645 2180 751 2233 sancta
765 2161 948 2245 Magdalena
958 2173 1061 2249 (Mons
1074 2174 1126 2241 lll,
1148 2171 1202 2228 117
1214 2173 1296 2244 sqq.)

224 2264 357 2336 legimus
372 2283 379 2322 :

474 2465 507 2515 In
523 2462 669 2528 praedulci
679 2464 815 2516 unctione

522 2548 645 2600 nardum
660 2551 756 2602 terens
765 2549 902 2614 pisticum

480 2640 516 2690 Et
529 2640 671 2704 unguenti
684 2641 798 2692 fusione

524 2734 637 2792 typum
645 2729 744 2791 sensit
753 2729 936 2792 mysticarum.

266 2947 479 3004 cxxvlll.-
489 2951 522 3018 B,
535 2948 588 3006 iol.
600 2951 637 3008 96
647 2950 718 3018 h;c,
733 2950 785 3007 iol.
802 2950 855 3007 163
866 2965 894 3007 a.
909 2946 1110 3006 -lectloues
1123 2946 1298 3004 vadantes:

228 3040 287 3109 1,1
306 3056 352 3114 sq.
370 3045 405 3099 ln
427 3043 540 3101 Codice
560 3046 752 3103 Bruxellensi
778 3059 842 3102 non
864 3044 925 3101 nisi
948 3044 1008 3101 duo
1032 3042 1128 3115 primi
1151 3040 1298 3097 carminis

229 3152 343 3197 versus
357 3141 559 3212 reperiuntur
571 3159 579 3211 ;
596 3147 699 3201 cetera
712 3144 936 3202 desiderantur.
948 3171 985 3184 -
996 3141 1024 3210 3,
1038 3142 1065 3196 2.
1083 3140 1198 3195 Desunt
1217 3136 1297 3194 duae

231 3235 382 3307 syllabae,
395 3239 431 3293 ut
445 3251 522 3294 suus
531 3238 638 3296 versui
653 3240 842 3310 syllabarum
853 3249 1000 3295 numerus
1015 3235 1056 3292 sit
1069 3234 1189 3303 integer
1200 3231 1296 3298 ;iorte

232 3332 365 3389 verhum
384 3336 484 3407 adest,
512 3336 594 3408 quod
622 3337 712 3394 uncis
730 3317 854 3405 inclusi,
867 3336 945 3393 forte
969 3336 1098 3391 tontum
1123 3331 1175 3388 vel
1198 3329 1301 3386 simile

234 3430 318 3501 quid.
338 3462 374 3472 -
384 3432 412 3502 3,
427 3433 455 3501 3,
471 3432 522 3489 hic
537 3437 585 3490 est
597 3434 745 3503 membra,
756 3436 778 3492 G
791 3450 799 3502 ;
813 3432 978 3503 legendum
992 3429 1182 3502 absqueulla
1198 3428 1298 3485 haesl-

233 3530 494 3588 tationeumbro.
768 3509 771 3516 ¹

265 3627 467 3686 adnotanda:
485 3631 543 3699 l„l·.
566 3634 648 3689 llaec
664 3631 702 3689 ad
714 3633 815 3688 Lucae
824 3630 918 3687 verba
931 3631 969 3700 (7,
984 3607 1048 3699 375:
1074 3623 1299 3695 liccemutier,

231 3728 402 3796 ouoccro't
413 3725 449 3783 in
465 3725 769 3797 civitatepeccatric
784 3728 967 3794 ‹alludun13
983 3724 1067 3784 unde
1084 3724 1117 3780 in
1127 3743 1142 3775 0
1158 3721 1302 3779 cantione

229 3824 392 3884 devotatio
407 3826 436 3883 S·
454 3825 553 3883 Maria
568 3825 754 3896 Magdalena
768 3830 885 3898 »poeta
898 3824 1023 3898 quidam
1036 3823 1187 3883 Bohemus
1201 3835 1208 3875 :

595 4057 634 4109 ΤΘ
646 4054 741 4108 lucas
755 4055 943 4121 peccatricem

589 4144 647 4196 Sed
662 4157 731 4210 ergo
743 4145 909 4195 amatricem

639 4233 904 4299 Virtutumjudioo.
