2992 5048
653 416 815 472 *123-

680 644 786 714 Lxul

603 813 671 864 1n2
694 813 848 866 Nocturno·

378 1038 409 1104 1.
466 1035 681 1113 Quibusdam
701 1037 801 1124 quasi
821 1036 968 1105 saltibus

468 1150 619 1239 Superni
638 1151 748 1240 patris
767 1152 859 1220 iilius

419 1265 472 1334 eid
505 1274 679 1335 terrene*
697 1267 792 1335 venit
807 1287 826 1335 e
840 1266 988 1357 superiS,

418 1380 580 1470 spoliatis
600 1381 617 1418 ‘⁸‘
637 1402 730 1451 nunc
746 1382 838 1451 redii
866 1382 1018 1452 terteris.

372 1615 404 1680 2.
461 1615 492 1682 A
512 1613 590 1681 sinu
605 1616 702 1682 venit
719 1614 831 1703 patrio

462 1728 582 1795 Matris
602 1736 784 1816 susceptus
803 1735 916 1813 utero,

421 1845 457 1908 in
475 1841 658 1931 sepulchro
677 1843 753 1911 *de
773 1863 876 1911 cruee
892 1842 1024 1932 positus

419 1958 632 2038 ilesurrexit,
653 1957 669 1993 *
688 1978 749 2047 per
765 1979 873 2046 ,quem
889 1959 1117 2049 resurgimus.

374 2179 405 2246 3.
460 2175 714 2245 Ascendentem
728 2177 774 2245 nd
795 2175 937 2246 aethere

460 2292 580 2362 Nubes
598 2294 732 2381 excepit
755 2292 881 2373 lueida,

420 2406 611 2476 Ferebatur
628 2406 645 2443 ‘³
662 2406 787 2475 erectis
803 2405 965 2474 manibus

420 2520 634 2589 Benedicens
652 2524 668 2560 *
687 2519 760 2590 suis
778 2519 1010 2589 adstantibus

373 2743 405 2810 i.
460 2741 714 2834 Ascendeniem
726 2738 950 2808 cernentibus

457 2855 508 2924 Ae
524 2875 628 2944 super
647 2853 711 2921 hoe
725 2852 933 2921 mirantibus

417 2968 634 3040 restiterunt
650 2971 668 3009 *
686 2969 720 3036 in
741 2968 829 3037 nibis
844 2966 970 3056 angeli,

414 3089 499 3155 Tam
514 3085 599 3154 {acie
616 3086 632 3122 *
650 3103 755 3174 quum
769 3089 864 3151 veste
883 3080 996 3150 nitidi.

370 3299 403 3364 5.
456 3294 561 3381 Quid,
583 3293 757 3383 inquiunt,
778 3291 916 3361 attoniti

456 3410 515 3479 Sic
530 3408 664 3478 coelum
683 3404 878 3494 intuemini,

416 3529 525 3605 Quem
544 3531 684 3594 euntem
701 3529 718 3565 *
734 3518 1077 3609 incoelumeernitis,

414 3641 478 3709 Sie
490 3639 607 3708 veniet
624 3646 641 3682 *
659 3637 695 3707 in
714 3639 824 3707 forme
841 3638 981 3727 judicis.
1110 3639 1114 3646 '

369 3861 403 3928 b.
459 3858 513 3929 Sit
534 3856 672 3928 Christo
690 3877 824 3927 summo
843 3856 965 3949 gloria,

456 3971 520 4049 Qui
542 3971 712 4041 scandens
729 3990 836 4062 super
853 3969 969 4041 sidere

411 4087 500 4154 Cum
515 4085 654 4176 spiritu,
673 4083 690 4119 *
706 4105 786 4154 cum
805 4093 904 4176 pune
915 4103 1055 4176 supere,

412 4202 504 4271 Deus
524 4220 627 4288 unus,
648 4200 665 4236 *
685 4199 775 4291 regit
794 4205 829 4270 ei
853 4197 976 4271 iniere.
