2992 5048
629 460 662 473 -
680 430 734 486 aea
751 457 786 470 -

652 644 789 715 CXXIV

476 871 514 938 Is
534 889 648 938 assus
669 868 731 936 SS.
754 855 948 935 Mamaeum.

595 1088 663 1142 In1
684 1088 840 1139 Nocturno.

226 1309 259 1376 1.
314 1307 370 1378 Ab
385 1315 531 1399 utroque
549 1315 567 1353 ²¹²
583 1326 669 1377 sexu
683 1306 819 1395 plagam
839 1300 1020 1380 traximus

313 1422 369 1492 Ab
385 1431 532 1514 utroque
551 1423 752 1493 *medelam
775 1418 999 1509 suscepimus,

314 1539 440 1608 Virum
459 1540 552 1610 Deus
569 1539 716 1608 *induit
733 1538 769 1606 in
788 1537 935 1625 virgine,
1033 1623 1037 1635 Ι

311 1654 386 1733 Quo
400 1656 581 1724 salventur
598 1653 615 1689 *
633 1660 704 1723 tam
727 1652 793 1720 viri
808 1671 911 1740 quam
927 1647 1089 1732 seminae3

405 1768 489 1838 Orsa
508 1767 604 1836 salus
621 1765 639 1802 '¹‘
656 1773 762 1836 estex
781 1765 918 1849 femina,

402 1883 503 1953 Unde
526 1883 640 1973 culpa,
655 1880 672 1916 '¹‘
690 1880 800 1971 coepit
823 1880 948 1969 gratiae

222 2141 256 2162 ...
311 2094 386 2173 Quo
405 2101 483 2185 post
496 2094 634 2185 eulpam
652 2094 669 2131 *
687 2111 791 2162 sexus
809 2089 865 2158 hie
880 2087 1059 2177 abjectior,

311 2211 554 2280 Per·naturam
571 2207 713 2278 *fuerat
732 2207 888 2287 inferior,

311 2325 385 2395 Hoc
399 2325 565 2395 nimirum
582 2322 599 2359 *
616 2323 735 2393 divina
754 2321 936 2391 clementia

305 2441 406 2510 Hunc
421 2439 545 2528 majori
563 2438 798 2509 *sublimavit
816 2437 947 2527 gratia3

396 2550 494 2631 Quod
505 2553 550 2620 ab
569 2551 679 2639 ejus*
705 2556 816 2619 matre
834 2549 972 2639 virgine

397 2667 466 2736 Per
483 2666 639 2755 singulos
656 2661 673 2698 *
694 2664 825 2754 gradus
842 2664 987 2755 inspice.

242 2906 257 2951 a
309 2879 395 2959 Quis
409 2886 608 2950 sanctarum
624 2883 642 2921 *
660 2898 735 2949 eam
755 2878 1001 2948 aemulantium

308 2977 503 3063 Numerare
521 2998 538 3035 *
557 2995 666 3084 possit
684 2993 807 3062 choros
824 2994 1014 3082 virginum,

308 3110 392 3178 Post
405 3107 468 3178 has
488 3129 566 3178 esse
583 3110 689 3198 *quis
708 3109 817 3178 nescit
830 3109 1030 3177 innumeras

306 3223 454 3294 Sacrum
473 3230 593 3293 votum
608 3224 625 3261 *
642 3224 888 3315 amplectentes
904 3224 1038 3306 viduae,

395 3337 468 3408 Nee
484 3338 606 3408 deesse
623 3340 640 3376 *
658 3339 890 3420 matrimonio,

350 3491 352 3495 -
394 3453 488 3532 Quae
507 3453 657 3542 flagrent
674 3453 738 3521 hoc
754 3450 772 3488 *
786 3453 969 3523 desiderio.
1059 3533 1062 3538 .

236 3717 245 3734 .
300 3669 384 3740 Post
402 3669 466 3740 has
484 3675 634 3742 omnes*
656 3672 685 3740 si
705 3671 1012 3760 scortarespiciam

301 3783 528 3875 Magdalenae
541 3787 718 3877 *jungens
735 3785 993 3877 Aegyptiaeam,

302 3900 370 3969 Ubi
387 3901 490 3992 eulpa
501 3899 519 3936 '¹‘
533 3902 630 3992 prius
647 3901 897 3996 abundaverat,

302 4013 428 4100 Cerno,
449 4015 563 4105 quia*
577 4015 690 4085 virtus
709 4022 784 4105 post
799 4015 976 4085 exuberat.

392 4132 462 4221 Ipsi
481 4132 600 4213 decus,
620 4131 722 4221 *ipsi
741 4131 864 4220 gloria,

392 4246 456 4323 Qui
476 4253 526 4316 lot
544 4246 626 4314 facit
644 4241 661 4278 *
679 4245 863 4316 mirabilia.
