2992 5048
582 383 764 462 A-osoq

191 508 241 579 3,1
258 505 319 564 Cir.
332 504 409 563 Heb.
420 504 445 575 1,
456 504 498 561 11.
510 505 627 562 Nonne
640 518 749 563 omncs
760 508 836 560 sont
844 501 1118 562 administratorii
1128 501 1226 573 spiri-

155 609 222 677 tus,
238 604 275 661 io
288 600 507 659 ministerium
520 600 609 658 161661
619 606 756 671 propter
776 616 838 670 eos,
855 600 910 672 qui
923 600 1153 659 hoereditatem
1170 615 1225 657 oo·

156 701 390 775 pientsolutis?
408 703 494 762 Unde
509 705 536 759 S.
551 704 766 772 Augustinus:
784 702 930 773 «angeli,
942 703 1050 774 inquit,
1059 704 1140 761 beati
1153 705 1228 760 sunt

161 802 243 860 etde
265 803 350 858 16616
369 799 568 870 beatitudine,
594 801 668 872 quia
693 800 726 856 in
744 801 798 857 illa
824 804 898 858 sunt
919 800 1041 857 civitate
1055 800 1227 858 Jerusalem

163 898 298 966 coelesti,
313 896 396 955 unde
412 911 467 954 nos
481 896 570 954 modo
583 898 829 968 peregrinamur,
845 896 1005 954 attendunt
1019 910 1075 952 nos
1088 896 1227 968 peregri·

163 1008 221 1051 nos
237 997 267 1050 et
277 994 463 1050 miserantur
477 995 583 1061 nos,et
594 992 687 1062 jnssu
702 993 820 1049 Domini
831 993 1015 1049 auxiliantur
1022 992 1121 1060 nobis,
1136 996 1171 1049 ut
1191 993 1229 1050 ad

164 1092 251 1148 illam
268 1091 399 1163 patriam
413 1103 605 1146 communem
620 1088 784 1160 aliquando
798 1088 960 1146 redeamus
975 1091 1006 1144 61
1028 1089 1070 1145 111
1084 1103 1153 1145 cum
1166 1089 1241 1153 illis>

165 1185 250 1244 tonte
264 1186 416 1244 dominico
427 1186 566 1242 veritatis
583 1186 614 1240 61
626 1184 815 1241 aeternitatis
835 1184 998 1256 aliquando
1015 1187 1231 1242 saturemur».

167 1282 276 1341 Enarr.
290 1283 322 1338 in
337 1285 387 1339 Ps.
403 1280 448 1350 62,
465 1296 498 1340 n.
512 1283 540 1338 6.

205 1379 354 1438 cxxxii.
369 1407 405 1419 -
420 1380 450 1446 G,
467 1377 520 1435 iol.
533 1378 586 1434 199
597 1392 624 1433 6.
641 1407 677 1416 -
687 1377 859 1434 Adnotanda
875 1393 881 1432 :
898 1377 925 1444 2,
939 1377 952 1434 1
966 1391 1034 1450 sqq.
1045 1381 1088 1434 116
1097 1377 1236 1433 iohanne

169 1477 306 1549 Baptista
320 1490 420 1532 sermo
433 1477 490 1543 est,
506 1474 596 1545 cujus
610 1475 749 1531 encomia
764 1474 968 1531 celebrantem
976 1474 1041 1545 jam
1047 1489 1141 1547 supra
1150 1475 1238 1535 audi·

169 1574 273 1632 vimus
288 1572 417 1629 Paulum
425 1571 593 1628 Diaconum
604 1571 680 1628 haec
693 1570 1018 1642 verbaproierrentem
1028 1589 1035 1628 :
1042 1577 1238 1643 praepotens

171 1674 337 1743 martyr...
354 1668 499 1726 maxime
513 1673 636 1725 catum.
652 1671 816 1739 Tamquam
825 1669 1043 1740 prophetarum
1058 1670 1141 1727 enim
1155 1672 1240 1728 clau-

175 1771 245 1827 sula
266 1767 304 1825 ad
326 1769 430 1835 vetus,
444 1769 601 1837 tamquam
627 1767 759 1822 Messias
779 1780 963 1836 praecursor
982 1768 1020 1825 ad
1045 1782 1160 1824 novum
1177 1771 1241 1824 tes·

176 1866 348 1923 tamentum
361 1864 518 1935 pertinere
538 1863 671 1920 ridetur.
687 1862 774 1920 Unde
787 1864 976 1939 Augustinus
998 1864 1100 1935 (serm.
1120 1866 1184 1936 393,
1198 1867 1240 1935 216

181 1961 332 2019 «videtur
356 1960 521 2029 iohannes,
545 1960 656 2031 inquit,
681 1958 861 2029 interjectus
885 1960 1007 2031 quidam
1034 1962 1122 2018 limes
1146 1965 1240 2019 testa·

177 2062 353 2117 mentorum
368 2058 498 2115 duorum
520 2057 637 2114 veteris
661 2060 691 2113 61
718 2056 800 2113 novi.
816 2059 894 2113 Nam
919 2072 989 2114 eum
1011 2073 1080 2116 6666
1097 2060 1244 2131 quodam·

179 2156 270 2214 modo
284 2156 424 2223 limitem,
439 2155 586 2212 Dominus
600 2155 667 2226 ipse
680 2157 811 2211 testatur
825 2155 929 2212 dicens
943 2172 950 2210 :
968 2159 1020 2213 1666
1030 2161 1059 2212 61
1065 2159 1244 2228 prophetoe

181 2268 282 2325 osque
303 2233 554 2310 611161666666Ι
577 2249 749 2319 baptistam
773 2252 989 2323 (1661616).
1010 2253 1146 2312 Sustinet
1171 2269 1245 2325 ergo

179 2363 344 2423 personam
367 2348 531 2405 vetustatis
553 2350 584 2403 61
598 2348 797 2418 praeconium
810 2349 964 2405 novitatis.
988 2352 1117 2421 Propter
1139 2366 1246 2423 perso-

179 2460 252 2503 nam
268 2445 431 2502 vetustatis
444 2445 482 2501 de
501 2444 627 2500 senibus
647 2444 794 2513 nascitur,
807 2448 935 2516 propter
947 2447 1146 2517 praeconium
1160 2449 1248 2504 novi·

178 2542 252 2599 tatis
264 2541 298 2597 in
316 2530 488 2598 visceribus
512 2540 619 2597 matris
642 2540 793 2611 propbeta
820 2541 994 2600 declaratur
1008 2560 1038 2598 a.
1053 2544 1133 2614 -3‚
1147 2545 1161 2601 1
1177 2559 1247 2616 sqq.

181 2637 295 2697 Eadem
320 2637 435 2694 iterum
462 2636 616 2693 distinctio
644 2636 773 2706 ducum,
803 2638 952 2708 equitum,
979 2638 1127 2710 peditum,
1156 2654 1249 2712 quam

184 2748 281 2805 supra
303 2733 448 2804 vidimuS,
471 2733 615 2803 recurrit,
639 2731 693 2804 qui
714 2736 787 2790 sunt
800 2735 942 2806 apostoli,
953 2739 1115 2810 martyres,
1130 2738 1250 2795 confes·

185 2842 287 2887 sores.
1014 2870 1019 2881 .

223 2925 389 2984 CXXXIII.
405 2951 441 2964 -
464 2924 497 2993 d,
515 2923 569 2980 iol.
591 2925 643 2981 199
658 2937 685 2980 6.
711 2923 866 2981 Lectiones
886 2925 1038 2984 variamen
1054 2927 1105 2996 62,
1120 2929 1147 2984 1.
1163 2930 1252 2985 11666

185 3021 287 3094 plebe,
303 3023 336 3078 c.
348 3051 385 3060 -
394 3019 422 3090 2,
437 3020 563 3076 &Deest
575 3019 669 3076 unius
684 3020 821 3090 syllabae
833 3022 953 3093 vocula,
964 3038 1055 3095 quam
1065 3023 1101 3080 io
1113 3038 1182 3080 esse
1196 3038 1253 3094 pu·

187 3116 376 3184 tamus-5,
389 3116 417 3184 3,
432 3116 574 3187 protegat
586 3114 715 3182 domine,
731 3117 763 3172 c.
776 3146 815 3158 -
826 3115 1012 3174 Adnotanda:
1029 3120 1057 3188 1,
1072 3120 1087 3175 1
1104 3133 1172 3191 sqq.
1184 3119 1255 3176 llis·

189 3215 269 3273 toria
300 3229 378 3286 quae
400 3212 495 3270 iberit
517 3212 599 3281 testi,
621 3211 809 3270 Abaelardus
829 3215 936 3285 paucis
957 3216 1088 3285 attingit.
1113 3216 1256 3274 Dedicato

190 3313 275 3371 enim
289 3311 447 3369 Pantheon
461 3310 568 3367 beatae
584 3310 701 3366 Mariae
722 3313 755 3366 et
771 3311 885 3368 sanctis
899 3313 1096 3384 martyribus,
1107 3314 1257 3386 paulatim

190 3409 290 3467 festus
301 3408 437 3465 omnium
452 3408 628 3464 sanctorum
642 3405 707 3463 dies
717 3405 754 3463 ab
767 3407 845 3464 urbe
858 3407 1008 3481 incipiens
1027 3425 1084 3482 per
1096 3413 1195 3468 totum
1207 3424 1257 3468 or·

190 3508 263 3565 bem
277 3506 479 3563 christianum
491 3503 644 3573 migravit.
661 3532 696 3546 -
709 3504 742 3574 4,
756 3504 782 3558 2.
799 3503 861 3561 cir.
872 3505 1036 3575 Augustini
1051 3501 1147 3562 verba
1164 3505 1257 3576 (cont.

193 3607 342 3662 Faustum
366 3605 412 3673 26,
427 3602 473 3672 21)
492 3616 500 3656 t
517 3618 531 3655 c
547 3601 684 3671 Populus
698 3599 883 3658 christianus
906 3602 1067 3660 memorias
1088 3605 1260 3673 martyrum

193 3701 341 3770 religiosa
356 3699 550 3757 solemnitate
565 3696 796 3754 concelebratet
805 3697 844 3755 ad
858 3699 1046 3758 excitandam
1059 3699 1260 3757 imitationem

194 3799 228 3853 et
240 3799 276 3854 ut
289 3795 407 3853 meritis
422 3807 528 3852 eorum
543 3793 738 3851 consocietur
756 3797 848 3866 atque
862 3797 1049 3854 orationibus
1074 3796 1257 3868 adjuvetur3

194 3892 240 3950 116
252 3895 357 3949 tamen
371 3893 407 3949 ut
418 3889 499 3947 nulli
512 3892 685 3960 martyrum
704 3889 759 3947 sed
770 3889 830 3962 ipsi
843 3894 905 3949 Deo
919 3895 1099 3966 martyrum,
1118 3891 1261 3967 quamvis

194 3989 229 4048 in
243 3989 403 4049 memoriis
418 3991 601 4060 martyrum,
614 3989 836 4047 constituamus
851 3991 1002 4049 altaria».
1067 3982 1069 3986 '
