2992 5048
714 441 858 497 ...81-

292 561 464 619 Adnotunda
477 575 484 618 :
495 559 547 627 i‚l
562 575 607 631 sq.
625 577 638 614 (
655 563 711 618 Sex
721 560 959 619 aetatessaeculi
969 561 1107 619 senarius
1120 560 1319 633 istedierum,

256 658 371 731 quibus
401 657 534 714 mundus
557 657 713 729 perfectus
738 662 786 716 cst
810 661 902 731 atque
934 658 1109 730 adornatus,
1133 659 1277 731 exprimit
1287 681 1315 742 3».

254 756 361 814 Abael.
377 757 521 812 11333333.
537 770 585 827 33.
602 756 717 826 Mirus,
733 759 754 814 l.
771 772 797 814 3.
810 772 841 829 3.
856 758 921 814 771.
936 786 971 798 -
983 758 1012 827 2,
1033 758 1061 813 2.
1076 757 1160 815 Idem
1181 757 1315 816 ibidem:

260 874 274 909 «
289 854 424 913 (13311333
438 853 543 925 113333
552 854 606 910 illa
620 868 675 911 333
691 854 790 912 adhuc
804 854 948 913 distincta
970 841 1127 923 congeries
1151 855 1317 912 elemento·

254 966 327 1010 rum
341 951 472 1023 primam
490 950 595 1008 mundi
615 954 747 1008 aetatem
764 951 832 1008 3133
843 953 912 1020 lege
930 956 961 1009 et
986 952 1147 1023 disciplina
1171 953 1320 1010 incultam

251 1053 284 1106 et
299 1049 408 1106 rudem
420 1047 500 1105 bene
520 1048 644 1118 figurat,
662 1063 741 1120 quae
760 1048 889 1106 13133113
913 1048 1019 1118 mundi
1039 1051 1179 1105 vocatur:
1193 1052 1223 1105 et
1239 1049 1320 1107 bene

249 1145 385 1202 13133113
397 1144 556 1202 necdume
570 1145 752 1202 documento
764 1146 843 1216 legis
859 1146 955 1203 verba
969 1145 1022 1203 Dei
1043 1145 1176 1203 formare
1199 1146 1319 1216 331333,

253 1243 333 1300 31331
347 1242 482 1299 13133133
497 1243 633 1300 nondum
648 1244 734 1316 loqui
757 1243 926 1301 3311131331.
949 1245 1053 1301 1131313
1075 1244 1149 1300 13333
1168 1246 1216 1301 331
1234 1247 1318 1301 33133

251 1340 379 1409 (1113313,
394 1339 473 1396 31331
491 1352 599 1396 eorum
613 1340 770 1410 memoria,
788 1354 867 1411 quae
888 1338 1062 1396 1313133113
1083 1342 1242 1409 geruntur,
1261 1353 1319 1410 333

254 1437 440 1494 oblivionem
456 1436 600 1493 delentur
617 1436 787 1494 33133131
803 1436 841 1493 ad
856 1437 939 1493 hunc
951 1437 1052 1492 locum
1063 1435 1160 1492 Pitra:
1182 1438 1257 1493 Cum
1279 1437 1319 1494 ad

252 1537 281 1591 S.
296 1533 433 1604 Dionysii
450 1537 626 1591 moraretur
639 1534 840 1604 Abaelardus‚
864 1536 897 1591 13
913 1534 1110 1599 venerabilis,
1130 1535 1227 1592 Bedae
1245 1535 1319 1592 inci·

251 1631 338 1688 derat
349 1646 453 1703 opera,
468 1632 541 1688 hino
554 1630 645 1699 13313,
661 1631 807 1688 videlicet
835 1646 872 1687 33
887 1630 1036 1703 capitibus
1052 1631 1086 1688 lo
1109 1635 1140 1688 et
1162 1633 1317 1703 sequenti-

251 1727 311 1785 bus
335 1728 407 1785 libri
420 1729 459 1785 de
478 1729 669 1800 temporibus
683 1729 758 1784 haec
769 1728 881 1785 hausit.
899 1745 912 1780 3
934 1727 1043 1785 1133311
1062 1729 1170 1800 utique
1184 1728 1238 1786 sed
1255 1743 1318 1785 non

254 1826 419 1898 descripsit
433 1843 457 1880 3.
492 1825 675 1883 (1331333133
695 1840 724 1880 3.
750 1840 779 1895 g.
795 1839 865 1883 cum
886 1840 979 1897 supra
1002 1825 1089 1882 dictis
1106 1827 1194 1883 locus
1218 1826 1319 1883 Bedae

251 1924 409 1993 (Hexaem.
420 1923 441 1979 l.
459 1923 487 1992 1)
502 1938 509 1976 :
527 1940 541 1975 ‹
556 1925 722 1994 Hucusque
736 1906 904 1994 primordia
922 1921 1028 1979 mundi
1054 1923 1208 1979 nascentis
1226 1921 1316 1991 juxta

255 2033 382 2076 sensum
396 2018 506 2075 literae
523 2018 637 2075 dixisse
665 2017 814 2085 sufficiat3
839 2018 914 2074 libet
925 2019 1025 2075 autem
1041 2018 1148 2088 paucis
1160 2017 1316 2089 intimare,

252 2117 288 2171 ut
301 2115 394 2171 etiam
410 2114 485 2171 ordo
501 2128 553 2170 333
568 2113 692 2170 illorum
709 2113 775 2168 sive
790 2116 906 2183 septem
925 2113 1053 2180 dierum,
1069 2113 1232 2184 inquibus
1253 2112 1318 2169 133-1

254 2213 304 2266 133
319 2213 375 2279 331,
389 2209 516 2267 totidem
530 2208 597 2279 ejus
612 2208 762 2266 aetatibus
772 2208 943 2265 conveniat.
953 2208 1075 2265 Primus
1091 2222 1223 2280 namque
1235 2209 1312 2278 dies,

252 2307 286 2362 in
300 2321 360 2379 333
372 2306 447 2363 dixit
459 2309 554 2363 Deus:
571 2306 637 2363 Fiat
650 2307 713 2372 lux,
728 2309 759 2363 et
772 2305 910 2362 13313331
923 2307 986 2376 133,
1001 2307 1118 2378 primae
1138 2307 1228 2363 aetati
1241 2319 1314 2363 333-

251 2404 343 2472 gluti,
359 2387 391 2459 i'n
404 2401 492 2471 cuius
503 2403 590 2458 initio
605 2402 738 2459 mundus
750 2401 831 2458 idem
854 2402 953 2459 iactus
979 2405 1009 2459 31
1027 2402 1117 2459 bomo
1139 2401 1172 2457 in
1192 2402 1312 2459 deliciis

251 2499 385 2570 paradisi
398 2500 566 2571 3313313113
579 2498 700 2570 positus
712 2502 768 2567 est,
781 2498 835 2556 ubi
849 2502 1012 2570 praesente
1035 2498 1133 2568 gratia
1147 2499 1195 2555 sui
1205 2497 1311 2555 condi-

246 2598 324 2654 toris
335 2598 485 2654 malorum
495 2596 632 2654 omnium
643 2595 722 2652 liber
734 2610 768 2653 ac
783 2596 905 2652 nescius
920 2595 1090 2662 irueretur;
1119 2595 1232 2652 sedhic
1246 2596 1312 2654 dies

245 2693 287 2750 ad
304 2708 465 2765 vesperam
475 2693 541 2762 jam
556 2693 658 2764 coepit
674 2693 839 2762 declinare,
858 2707 927 2749 cum
952 2693 1136 2763 protoplasti
1152 2692 1309 2764 peccando

246 2789 424 2847 felicitatem
435 2790 552 2861 patriae
567 2791 710 2848 coelestis
724 2790 925 2861 perdiderunt
938 2793 1029 2861 atque
1040 2790 1072 2846 in
1087 2791 1166 2846 hano
1181 2791 1307 2864 333331-

246 2891 311 2945 1333
322 2888 518 2945 lacrimarum
539 2888 658 2946 dimissi
686 2892 758 2945 3331
761 2927 816 2943 .....
841 2889 935 2944 Ρ1333
963 2891 1065 2944 autem
1087 2901 1221 2958 vespera
1245 2886 1307 2944 diei

245 2982 340 3054 133133
351 2984 484 3051 advenit,
501 2999 572 3040 cum
585 2984 849 3041 crebrescentibus
861 2985 944 3040 vitiis
957 2984 1082 3040 humani
1097 2983 1220 3051 generis
1241 2997 1310 3039 cor-

243 3081 336 3148 rupta
348 3082 396 3134 331
409 3080 508 3136 omnis
526 3082 608 3135 terra
620 3093 723 3136 coram
737 3083 798 3136 Deo
814 3082 844 3134 31
857 3079 1017 3149 iniquitate
1036 3079 1164 3148 repleta,
1182 3077 1257 3134 adeo
1272 3080 1310 3134 ut

243 3174 342 3232 deleri
357 3176 474 3233 (1113313
490 3177 589 3233 omnis
599 3191 670 3232 caro
689 3180 823 3247 praeter,
838 3190 914 3247 quos
929 3177 1083 3232 clauserat
1101 3189 1181 3245 arca,
1205 3188 1306 3232 mere-

242 3274 331 3330 retur
347 3290 371 3328 3.
386 3273 485 3341 Magis
501 3256 641 3330 succinte
663 3274 768 3331 eadem
786 3273 964 3345 perstringit
991 3274 1023 3329 in
1046 3272 1124 3330 libro
1148 3286 1302 3330 commen-

241 3370 390 3426 tariarum
404 3370 437 3426 in
450 3371 594 3438 Genesin,
606 3386 630 3426 3.
645 3373 673 3426 2.
691 3371 822 3427 averbis
836 3374 1010 3428 «Hactenus
1023 3385 1116 3442 33333
1128 3373 1207 3426 etc.»
1218 3388 1225 3440 3
1238 3370 1308 3427 1333

240 3477 317 3520 3333
330 3466 521 3534 Augustinus
533 3467 565 3523 in
577 3467 692 3536 Evang.
708 3467 773 3522 loh.
790 3469 886 3523 Tract.
898 3468 926 3523 9.

277 3564 359 3619 xlx.
386 3565 430 3630 B,·
446 3562 500 3619 131.
521 3565 557 3619 85
576 3562 606 3619 b.
623 3594 660 3604 —
672 3563 828 3621 Lectiones
842 3563 992 3620 3331333133
1009 3580 1015 3617 :
1034 3565 1064 3633 2,
1076 3563 1105 3632 2,
1121 3577 1201 3634 aqua
1218 3566 1251 3619 Β.
1268 3592 1306 3604 -

238 3659 412 3716 eluctanda
425 3660 487 3717 :Ad
496 3674 563 3717 rem
574 3660 681 3730 hymni
689 3661 1305 3718 333313313313Η3333333333ε3183333-

237 3756 277 3814 da
288 3758 371 3813 aetas
382 3756 499 3814 diluvio
511 3771 573 3814 333
581 3757 712 3827 (1313133,
721 3772 791 3815 cum
804 3758 933 3830 quisque
943 3770 1059 3827 eorum,
1071 3771 1150 3828 quae
1160 3757 1193 3813 in
1203 3757 1306 3827 pueri.

237 3851 279 3908 tia
287 3854 420 3922 gesserit
433 3853 589 3911 recordari
602 3855 716 3912 331331.
737 3857 772 3912 13
793 3856 849 3912 1333
862 3858 959 3912 331313
971 3868 1041 3911 3333
1052 3855 1085 3910 13
1099 3853 1216 3911 (1113313
1228 3852 1304 3910 flde-

236 3949 494 4007 13333333333311
509 3951 643 4024 3133331
658 3951 883 4008 firmamentum
898 3951 985 4023 aquis
1010 3950 1226 4022 interpositum
1250 3964 1305 4008 eos

238 4045 375 4118 31333313
390 4048 524 4120 desuper
538 4049 784 4121 compluentibus
794 4053 826 4106 et
838 4049 875 4105 ab
885 4048 973 4120 aquis
987 4048 1116 4106 interius
1126 4047 1305 4104 inundanti-

240 4143 299 4202 bus
313 4145 436 4203 illaesos
452 4147 618 4205 custodivit
634 4165 659 4203 3.
674 4151 742 4204 iam
760 4161 834 4204 vero
849 4146 929 4203 Beda
941 4147 973 4202 in
988 4159 1080 4217 opere
1099 4158 1271 4214 synonymo
1293 4158 1302 4200 3

240 4256 254 4286 «
267 4240 460 4298 Secundadie
470 4240 816 4319 iactumiirmamentum
827 4240 860 4296 in
871 4240 968 4298 medio
983 4253 1133 4311 aquarum
1143 4241 1175 4295 et
1188 4251 1299 4294 secun·

1160 4349 1177 4402 6
