2992 5048
661 404 822 460 -198-

682 564 805 634 LXXX

652 700 697 752 Ad
719 697 841 752 Laudes.

445 834 476 900 1.
525 831 721 922 Singularis
744 838 867 915 meter,

532 946 618 1027 Quia
636 946 736 1038 virgo
755 964 905 1035 semper,

461 1083 466 1090 ·
528 1061 862 1146 MeterethocDei,

458 1207 466 1214 ·>
529 1178 585 1247 Ad
601 1178 798 1247 teclamant
817 1175 882 1246 rei.

440 1337 473 1405 2.
531 1336 632 1406 Adue
652 1354 714 1404 nos
733 1334 934 1421 clamantes,

528 1451 584 1521 Ad
604 1457 637 1521 te
652 1451 869 1540 suspirantes
1010 1490 1014 1499 ι

531 1568 569 1635 ln
590 1566 747 1637 districta
764 1585 870 1636 causa

530 1683 638 1752 Juves
652 1681 829 1750 advocata.

442 1841 478 1911 3.
534 1841 643 1933 Opem
655 1841 806 1931 quodem
821 1839 920 1910 modo

533 1959 609 2028 Tuti
623 1956 734 2028 debes
744 1957 885 2044 mundo,

535 2073 646 2152 Quam
658 2071 754 2141 velut
768 2093 810 2140 ex
826 2073 905 2160 jure

537 2189 758 2257 Postulemus
770 2207 790 2255 a
803 2194 850 2257 te.

449 2347 482 2414 [ι.
530 2348 656 2417 Totum
668 2346 702 2416 id
716 2346 856 2416 honoris

537 2462 647 2532 Nacta
661 2482 698 2531 es
712 2481 774 2551 pro
790 2461 901 2544 nobis,

538 2579 584 2646 Ut
597 2577 646 2646 sis
667 2576 759 2646 vitae
772 2583 871 2665 porta

538 2692 636 2763 Sicut
649 2691 770 2762 morus
784 2692 867 2761 Eva.

450 2849 482 2916 5.
530 2847 585 2918 Ad
598 2848 664 2918 hoc
677 2855 855 2933 escreeta,

529 2960 584 3031 Ad
598 2961 663 3031 hoc
677 2961 880 3051 praeelecta,

538 3077 686 3146 Causam
702 3095 909 3165 recognosce

536 3191 581 3260 Et
598 3190 756 3258 effectum
773 3189 919 3279 comple.

449 3346 483 3418 6.
538 3347 665 3416 Mundo
683 3347 789 3417 debes
807 3367 919 3438 opem,

537 3461 687 3531 Mundus
701 3462 763 3531 tibi
783 3461 934 3547 leudem,

539 3577 627 3668 Spes
640 3585 716 3666 post
730 3577 838 3646 Deum
853 3585 985 3660 nostru,

538 3691 646 3762 Nubis
664 3692 774 3761 Deum
788 3691 896 3803 pleea.

451 3853 484 3919 7.
532 3851 600 3921 Uni
619 3850 663 3922 sit
681 3860 716 3922 et
730 3851 822 3923 trino

542 3967 669 4058 Perpes
681 3967 791 4039 honor
805 3969 886 4055 Dee,

545 4083 597 4149 Ex
615 4101 695 4170 quo,
716 4103 894 4173 perquem
908 4087 1047 4167 cuncta,

538 4198 578 4266 ln
598 4215 665 4285 quo
683 4204 765 4267 suut
783 4205 912 4268 creata.
