2992 5048
664 409 826 466 -166-
921 468 924 476 ,

218 538 269 597 ti?
285 541 439 609 tamquam
449 535 476 592 si
492 533 625 592 diceret:
641 534 781 604 Attende,
794 532 900 603 miser,
915 532 1060 603 quantam
1090 527 1159 585 sine
1186 541 1280 585 causa

218 635 396 710 praesumis,
405 632 654 690 exsecrationem.
672 634 708 688 ln
722 646 783 704 quo
797 635 828 688 et
842 629 987 688 Dominus
1003 627 1126 696 signum
1143 625 1279 698 prodito·

222 735 267 792 ris
283 734 440 792 detestans
455 729 498 786 ait
514 746 521 788 :
537 731 636 800 ludo,
660 731 769 787 osculo
783 727 892 800 filium
906 722 1047 783 hominis
1063 721 1197 779 tradis?
1219 724 1284 779 Hoc

220 834 269 887 est
293 848 300 886 z
316 831 387 898 Gur,
403 826 521 896 infelix,
540 828 679 884 osculum
694 826 729 882 in
743 812 836 895 signo
849 822 1035 896 proditionis¹
1048 820 1181 889 elegisti,
1201 819 1284 890 quod

226 927 307 982 inter
323 923 463 980 inimicos
477 922 568 979 etiam
580 935 699 978 summa
714 920 882 978 foederatio
897 919 975 976 solet
990 931 1060 975 esse
1072 913 1185 989 pacis?
1201 914 1253 971 lni'
1270 936 1285 950 ·

219 1021 367 1078 licissime
383 1019 519 1077 omnium
533 1017 703 1088 hominum,
733 1018 849 1074 honum
876 1014 932 1072 tihi
951 1017 1043 1084 esset,
1059 1013 1086 1070 si
1109 1015 1200 1069 natus
1219 1024 1283 1067 non

216 1119 347 1187 misses,
363 1099 437 1189 quia
448 1130 533 1174 more
548 1115 758 1178 abortivorum
766 1114 799 1170 in
811 1116 901 1171 utero
914 1111 1048 1168 moriens
1069 1109 1283 1180 gravissimam

218 1231 280 1273 non
295 1215 463 1273 meruisses
479 1227 610 1287 poenam
625 1231 652 1268 x.

254 1315 354 1374 XLIV.
370 1316 403 1385 B,
419 1312 473 1371 fol.
485 1312 561 1370 78b.
580 1311 775 1369 —leotlcnes
785 1309 937 1367 vadantes
948 1325 956 1366 :
967 1308 994 1377 3,
1009 1310 1037 1376 2,
1053 1306 1097 1364 sic
1116 1317 1283 1378 vesperum

218 1413 299 1469 C.-
319 1409 509 1467 ldnetmda:
532 1405 644 1465 Confer
663 1421 733 1464 cum
745 1406 801 1464 'his
825 1406 858 1462 in
877 1406 934 1462 hoc
947 1405 1072 1475 hymmo
1085 1401 1184 1471 dictis,
1202 1416 1282 1473 quae

220 1505 333 1563 similia
347 1507 453 1562 auctor
469 1505 575 1560 noster
595 1502 677 1560 dicat
690 1501 723 1558 in
742 1514 885 1558 sermone
912 1513 1006 1571 supra
1033 1496 1155 1556 laudato
1172 1514 1180 1554 ε
1198 1515 1211 1551 x
1231 1497 1281 1553 Ait

219 1600 395 1671 apostolus:
410 1596 446 1655 si
454 1596 695 1667 unumpotttur
708 1599 900 1664 membrum,
912 1593 1158 1664 compatiemur
1168 1593 1283 1652 omnio

217 1699 364 1754 memoro
379 1697 403 1762 (1
421 1697 501 1765 Con,
516 1696 562 1765 la,
576 1694 718 1766 id)‚·pro-
730 1708 764 1751 se
789 1695 922 1749 invicem
948 1692 1089 1749 sollicita.
1115 1690 1194 1760 Quid
1206 1705 1281 1762 ergo

215 1807 273 1865 pro
286 1794 386 1864 capite
399 1793 522 1851 dolores
546 1794 669 1849 nostros
700 1792 732 1847 et
757 1794 884 1862 peccata
910 1792 1051 1861 portante
1079 1803 1135 1846 nos
1160 1793 1281 1861 oportet

215 1883 340 1945 laceret
355 1887 427 1956 Quis
439 1886 528 1944 siccis
553 1887 651 1944 oculis
666 1888 731 1943 hoc
750 1884 925 1955 intelligat?
941 1884 1036 1954 cidus
1053 1898 1106 1941 cor
1122 1885 1280 1955 lapideum

219 1984 308 2044 dolor
320 1983 375 2040 ille
388 1995 451 2040 non
476 1978 624 2039 scindat?
647 1980 782 2037 Scissum
809 1983 857 2036 est
884 1981 989 2037 velum
1015 1979 1124 2051 templi
1150 1979 1184 2036 in
1212 1982 1278 2048 tua,

215 2080 351 2151 Domine,
365 2078 511 2152 passione
524 2081 556 2135 et
568 2077 607 2135 ad
620 2080 722 2135 terrae
736 2080 852 2134 motum
866 2077 935 2149 ipsa
944 2077 1035 2134 etiam
1047 2076 1120 2134 fissa
1134 2080 1181 2134 est
1196 2075 1280 2134 duri-

216 2179 441 2251 tiapetrarum.
465 2178 515 2233 S'ol
527 2175 708 2232 obscuratus
730 2176 779 2231 est
796 2177 953 2245 tamquam
971 2173 1190 2230 immanitatem
1214 2187 1280 2230 scc-

214 2271 290 2330 ieris
315 2271 495 2344 conspicere
520 2284 583 2328 non
608 2271 713 2328 ferret.
741 2272 813 2342 lpsa
839 2285 963 2343 quoque
979 2271 1181 2343 insensibilia,
1203 2275 1282 2330 tam-

215 2382 307 2440 quam
335 2374 427 2427 tuam>
449 2368 599 2426 sentirent
618 2368 807 2440 passionem,
833 2368 1053 2441 compassionis
1078 2368 1283 2427 exhibuerunt

215 2466 368 2523 allectum.
377 2468 418 2525 Ut
431 2468 534 2522 autem
546 2467 578 2520 et
591 2463 666 2520 haec
675 2463 847 2533 compassio
863 2467 969 2521 nostra
992 2467 1134 2536 penetret
1152 2479 1187 2522 ac
1202 2466 1281 2522 scin·

215 2561 267 2620 dat
279 2563 372 2621 corda
386 2562 425 2620 ad
439 2560 616 2618 intermissa
630 2573 693 2616 non
707 2559 835 2617 dimissa
849 2562 959 2618 caritas
987 2563 1146 2633 suspirans
1175 2562 1282 2620 stilum

214 2658 341 2717 reducat
362 2676 390 2715 n.
404 2688 441 2701 -
454 2658 483 2728 3,
496 2659 573 2728 2sq;
587 2655 648 2713 cfr.
665 2658 715 2713 Ps.
741 2657 789 2725 29,
814 2657 842 2714 6.
861 2688 899 2697 -
921 2657 1095 2716 Notandum
1118 2661 1280 2730 praeterea

216 2754 298 2828 quod
310 2759 375 2813 tres
399 2755 515 2826 hymmi
529 2754 719 2811 XLII-XLlV
735 2753 767 2808 in
782 2753 894 2812 Codice
912 2757 1109 2813 calmontano
1137 2769 1200 2812 non
1217 2756 1279 2813 uisi

215 2866 297 2910 unus
311 2856 396 2911 sunt.
415 2854 510 2920 Quem
524 2851 616 2909 divisi
631 2850 669 2908 ad
687 2851 859 2921 analogiam
879 2854 1050 2909 ceterorum
1070 2856 1133 2910 tam
1153 2867 1279 2924 praece·

215 2949 351 3008 dentium
388 2963 480 3022 quam
513 2948 717 3020 sequentium,
760 2947 927 3019 praecipue
958 2950 1063 3020 hymni
1092 2951 1130 3007 ad
1157 2951 1278 3007 Laudes

214 3048 410 3103 parasceves.
429 3044 743 3117 AdVesperashujus
771 3046 832 3102 diei
858 3048 991 3116 hymnus
1017 3062 1080 3104 non
1105 3048 1275 3119 invenitur,

215 3143 288 3215 quia
301 3159 338 3202 ex
356 3144 466 3214 regula
492 3140 645 3199 communi
659 3140 692 3198 in
718 3142 828 3214 primis
856 3146 997 3216 vesperis
1025 3147 1202 3204 recitandus
1228 3151 1277 3205 est

211 3240 344 3311 hymnus
358 3239 395 3298 ex'
406 3241 528 3311 hymnis
538 3239 630 3311 primi
642 3240 675 3295 et
699 3241 827 3298 secundi
853 3242 1001 3299 Nocturni
1022 3245 1222 3314 compositus,
1237 3245 1271 3300 in

211 3339 355 3397 secundis
365 3354 402 3396 ex
417 3338 539 3409 hymnis
552 3337 636 3393 tertii
646 3338 797 3395 Nocturni
808 3341 839 3394 et
850 3340 1003 3401 Laudum.

247 3438 336 3495 XLV.
348 3440 379 3504 C,
396 3438 448 3494 iol.
460 3438 496 3495 79
507 3451 533 3492 a.
546 3466 584 3475 —
597 3435 753 3492 Lectiones
765 3436 917 3495 variantes
930 3455 938 3496 :
965 3441 992 3510 3,·
1005 3443 1034 3508 2,
1050 3455 1112 3497 non
1130 3441 1281 3510 ingemiat

209 3547 267 3604 pro
281 3535 417 3604 ingemat
432 3534 522 3592 hahet
534 3530 644 3600 codex,
662 3535 733 3588 ante
757 3547 835 3604 quae
850 3536 945 3592 verba
959 3536 1072 3595 excidit
1090 3536 1276 3595 vocabulum

208 3629 340 3688 duarum
354 3631 555 3702 syllabarum3
567 3643 646 3701 qnae
656 3628 744 3685 uncis
757 3629 870 3687 inclusi
878 3632 911 3688 in
923 3634 1027 3691 codice
1038 3634 1159 3701 desunt,
1175 3649 1278 3706 neque

207 3728 274 3786 ullo
288 3729 379 3788 modo
393 3733 495 3789 certus
504 3742 590 3797 sum,
605 3741 654 3784 me
666 3727 723 3783 hac
733 3728 942 3802 qualicunque
951 3733 1128 3804 conjectura
1138 3746 1184 3804 ea,
1199 3747 1279 3805 quae

205 3826 395 3887 Ahaelardus
410 3827 578 3901 scripserit,
597 3829 783 3883 assecutum.
795 3857 832 3866 —
845 3829 874 3894 3,
886 3829 913 3886 l.
928 3832 1074 3903 Quaeque
1087 3833 1164 3888 haec
1177 3831 1279 3889 saevi·

205 3924 249 3982 tia
263 3926 297 3996 c,
307 3941 386 3998 quae
397 3930 503 3985 contra
517 3937 644 3982 sensum
659 3923 776 3993 pariter
786 3925 1027 4001 rhythmnmque
1040 3933 1181 4001 peccant.

239 4021 414 4081 Adnotende
430 4042 437 4079 :
455 4026 484 4085 l.
496 4025 525 4081 Ξ.
541 4022 710 4080 unctorum
720 4021 862 4078 maxime.
884 4025 1099 4096 conferantur,
1124 4025 1276 4100 quaedie-

202 4119 292 4186 putat
313 4121 506 4190 Atrgustinus
531 4118 563 4174 in
592 4115 782 4187 explicandis
808 4119 914 4176 verbis
935 4123 1048 4191 Psalmi
1070 4141 1077 4181 :
1098 4121 1276 4194 propterea

204 4215 301 4272 unxit
315 4221 342 4273 te
356 4221 453 4276 Deus.
466 4220 547 4276 llaec
561 4214 643 4273 enim
653 4213 707 4270 ille
723 4227 731 4266 :
749 4233 764 4263 «
784 4218 823 4272 ut
838 4218 921 4290 vide,
938 4221 1090 4293 quomodo
1103 4223 1145 4279 ait
1161 4237 1169 4276 :
1183 4221 1274 4278 unxit
