2992 5048
595 461 599 465 .
649 455 686 468 ...
705 429 741 485 46
758 457 794 470 ..

210 549 244 616 8.
301 545 368 623 Qui
385 543 603 633 spiritalibus
619 546 636 584 *
653 567 692 617 se
709 547 798 617 cibis
816 555 1013 638 praeperat,

300 659 376 729 Non
396 668 554 748 quaerat,
575 662 768 751 qualibus*
786 672 925 735 stereus·
937 661 1107 748 conficiat,

302 775 451 845 Caelesti
469 795 560 865 pane
574 775 634 866 qui
652 777 820 866 *saginat
834 777 996 863 enimam,

300 889 444 959 Ventris
459 889 637 980 rugitibus
651 896 749 960 *non
768 899 913 982 quaerat
926 892 1086 961 similam.

213 1024 252 1090 u..
305 1021 416 1099 Quem
430 1042 535 1091 verae
556 1023 756 1112 poculum*
774 1024 1029 1111 vitis-inebriat,

297 1138 378 1206 Vini
395 1137 615 1207 dulcedine*
632 1139 751 1231 gulam
770 1161 838 1208 non
858 1140 988 1227 incitat,

302 1254 438 1343 Regum
457 1254 614 1340 deliciae,
627 1258 644 1294 *
659 1275 729 1324 non
749 1255 877 1326 Christi
892 1275 1095 1346 pauperum,

301 1367 548 1438 Solicitudines
566 1371 583 1407 *
601 1376 685 1438 sunt
704 1375 792 1440 istae
810 1373 979 1458 gentium.

192 1511 253 1579 lo..
300 1509 444 1578 Terreni
459 1511 645 1599 cogitant*
664 1510 701 1579 hi
722 1531 791 1580 non
806 1511 978 1599 coelestia,

302 1627 439 1694 Ponant
455 1625 616 1693 exsilium
636 1626 737 1695 *sibi
756 1646 819 1715 pro
838 1627 962 1717 patria,

303 1741 442 1809 Sortem
460 1759 541 1807 cum
556 1740 712 1809 bestiis*
731 1740 766 1808 hi
786 1762 888 1810 suam
906 1742 1038 1814 iaciunt

304 1857 348 1924 Et
365 1856 452 1924 tales
469 1856 588 1925 miseri
607 1854 624 1890 *
641 1857 803 1925 concives
823 1841 968 1947 eligunt.

193 1995 248 2066 ll.
305 1997 437 2065 Averni
456 1996 591 2065 facilem
609 1997 846 2066 *descensum
867 2004 1044 2088 appetunt,

308 2111 490 2182 Coelorum
504 2112 655 2182 arduum
672 2116 690 2152 ¹*
707 2114 831 2182 callem
849 2114 1040 2204 refugiunt,

307 2229 439 2298 Ventre
451 2237 486 2298 et
505 2236 644 2318 pectore
662 2233 678 2269 *
699 2236 878 2318 reptantes
897 2231 1034 2319 penitus

308 2346 354 2414 Se
370 2345 444 2432 jam
463 2344 626 2413 astollere
644 2344 791 2413 *valent
805 2344 1014 2414 nullatenus.

196 2487 253 2554 12.
311 2485 356 2553 Ut
371 2501 500 2573 pronas
511 2502 656 2573 corpore
670 2492 687 2529 *
701 2490 827 2552 natura
846 2483 975 2553 bestias

311 2599 370 2668 Sic
384 2600 469 2667 istos
480 2597 595 2668 animo
613 2604 629 2640 *
646 2597 729 2667 lacit
744 2597 906 2684 edacitas,

309 2713 437 2782 Bacchi
456 2713 513 2781 vel
527 2713 674 2781 Veneris
692 2718 708 2755 *
727 2712 863 2802 templis
883 2714 1012 2782 assidui

308 2830 347 2896 ln
366 2828 565 2897 cerimoniis
583 2835 600 2870 *
618 2829 752 2897 ventris
772 2836 854 2898 sunt
871 2827 1017 2918 prodigi.

198 2973 254 3040 13.
309 2970 361 3038 Tu
375 2975 493 3037 autem
512 2969 681 3062 exsules*
698 2967 806 3038 lectos
826 2968 980 3057 ingluvie

306 3083 636 3152 Perabstinentiam
655 3081 797 3151 *reduc
819 3103 895 3168 nos,
916 3081 1070 3168 Domine,

311 3198 523 3285 Nullumque
544 3197 685 3266 deseras
704 3203 721 3240 *
742 3205 882 3265 tuorum
899 3197 1048 3286 inopem,

318 3313 383 3392 Oui
402 3313 511 3381 vestis
529 3312 674 3379 lilium*
692 3318 727 3381 el
742 3313 855 3401 pascis
874 3331 1071 3400 pauperem.

202 3460 259 3527 ll.
314 3457 454 3526 Nullum
475 3455 664 3524 necessitas
682 3461 699 3497 *
716 3461 852 3543 premat
870 3453 1018 3541 inopiae,
1054 3486 1056 3490 Α

314 3570 384 3643 Sed
399 3571 446 3639 sit
458 3569 670 3658 frugalitas*
687 3568 927 3653 sufficientiae,

315 3688 373 3756 Sic
392 3693 432 3754 ut
451 3685 611 3755 sulficere
628 3689 645 3725 ¹*
664 3691 811 3752 naturae
829 3682 955 3766 valeat,

312 3803 391 3872 Non
403 3800 495 3892 quod
512 3799 676 3869 lasciviae
690 3805 707 3840 *
720 3799 911 3868 lomentum
922 3797 1102 3885 praebeat.

199 3947 253 4014 15.
310 3941 460 4014 Perenni
480 3939 624 4009 Domino
642 3943 796 4030 *perpes
808 3943 854 4007 s1t
869 3937 993 4028 gloria,

309 4061 362 4130 Ex
375 4075 445 4148 quo
455 4062 549 4143 sunt,
566 4077 628 4145 per
643 4076 747 4145 quem
759 4061 852 4136 sunt,
866 4053 928 4121 *in
942 4073 1012 4143 quo
1027 4060 1111 4123 sunt
1127 4051 1268 4122 omniu:

310 4176 363 4243 Ex
381 4191 450 4264 quo
465 4179 559 4258 sunt,
580 4179 679 4259 pater
695 4178 759 4257 est,
780 4170 796 4206 ²*
816 4190 877 4258 per
895 4188 1000 4259 quem
1018 4176 1117 4257 sunt,
1134 4168 1240 4255 filius,

312 4293 350 4360 ln
370 4309 439 4381 quo
454 4293 550 4375 sunt,
571 4289 681 4378 patris
700 4290 766 4357 et*
785 4285 847 4354 filii
868 4283 1023 4376 spiritus.
