2992 5048
485 401 646 457 -rzr-

516 632 610 701 Lxu

348 827 384 894 iu
403 828 619 897 Ascuasrosn
643 828 774 897 Douun.

445 1024 477 1074 ln
498 1024 511 1073 1
536 1025 691 1076 Noclurno.

589 1133 603 1210 i

219 1251 250 1319 1.
309 1252 347 1318 iu
367 1252 545 1323 montibus
565 1253 621 1322 hic
636 1254 763 1324 saliens

302 1365 407 1435 Venit
427 1368 533 1436 colies
556 1369 786 1455 transsiliens,

262 1481 431 1570 Sponsam
446 1489 549 1552 vocat
566 1487 583 1523 *
602 1485 645 1553 de
665 1485 790 1553 moniis
801 1485 951 1595 uertice:

259 1597 386 1685 Surge,
403 1617 513 1683 soror,
534 1597 600 1667 *et
619 1619 673 1666 me
690 1600 760 1687 jam
776 1619 931 1688 sequere.

214 1844 247 1909 2.
305 1842 358 1910 Ad
373 1851 555 1932 palernum
577 1845 754 1934 palatium,

304 1958 359 2027 Ad
379 1959 487 2048 pairis
506 1960 676 2028 scandens
695 1961 830 2062 solium?

263 2075 418 2161 Sponsae
436 2073 580 2143 clamat:
600 2084 616 2120 *
640 2073 774 2159 dilecta,
797 2098 955 2167 propera,

264 2188 353 2258 Sede
366 2207 499 2257 mecum
517 2197 534 2234 *
551 2189 586 2256 in
605 2193 713 2279 patris
727 2191 885 2261 dextera.

214 2439 245 2505 3.
304 2438 424 2506 Omnis
444 2437 545 2505 turba
568 2445 601 2506 te
620 2440 761 2524 civium,

302 2550 349 2617 Te
364 2569 511 2637 regnum
531 2553 825 2639 manciparim,

259 2664 352 2732 Tuae
363 2669 463 2731 tota*
480 2684 558 2731 curu
579 2673 675 2752 patre
689 2665 787 2734 curia

263 2778 486 2847 Praesentiae
503 2782 520 2818 *
538 2779 685 2868 requirit
698 2780 836 2870 gaudia.

213 3021 246 3089 «i.
305 3023 398 3099 Quae
418 3019 511 3110 regis
530 3039 674 3107 sponsae
688 3027 894 3108 congruant,

301 3137 396 3215 Quae
411 3136 552 3225 reginae
566 3135 782 3218 conveniant,

264 3251 329 3319 Hic
349 3251 499 3319 iniexlas
517 3256 533 3292 *
551 3268 693 3317 exrauro
713 3249 868 3337 cyclades

261 3365 349 3436 Cum
372 3363 539 3454 purpuris
557 3359 773 3453 *gemmatis
792 3360 927 3429 indues

214 3606 246 3672 o.
304 3602 511 3672 SiiChrislo
535 3600 805 3692 summogioria,
853 3649 856 3655 ·

301 3719 367 3798 Qui
382 3717 555 3788 scandens
575 3716 808 3806 supersidere

252 3836 342 3904 Cum
363 3834 503 3925 spiritu,
524 3835 541 3872 *
562 3854 640 3903 cum
659 3839 762 3921 patre¹
775 3851 912 3921 supera,

253 3952 347 4021 Deus
365 3971 471 4037 unus,
488 3948 505 3984 *
523 3949 615 4040 regit
634 3945 808 4017 etvinsera.
