2992 5048
638 411 799 465 ..136-

353 549 397 624 dt
416 555 574 638 beneda,
596 556 752 643 Domine,
773 555 789 592 *
807 556 852 624 da
871 555 971 623 nobis
986 555 1153 644 gratiam,

445 669 596 739 Poenam
608 671 678 740 reis
697 672 713 707 *
729 691 776 738 ne
791 669 917 739 reddas
933 668 1087 737 debitam

446 787 513 856 Sed
533 787 665 854 nomini
684 791 700 826 *
720 808 782 855 suo
801 786 845 855 da
869 786 1029 876 gloriam.

315 1033 347 1100 5.
445 1031 666 1101 Fortitudine
682 1032 826 1101 roboras

493 1147 656 1215 Esuriem
670 1147 842 1235 justitiae,

449 1260 533 1328 Veri
552 1261 653 1349 panis
668 1262 834 1330 saturitas

494 1371 667 1440 viaticum
680 1378 734 1440 esi
748 1372 899 1440 animae.

360 1487 404 1555 Ei
423 1486 512 1557 bano
531 1488 586 1572 da,
605 1487 760 1573 Domine,
780 1487 798 1522 *
815 1484 858 1556 da
876 1487 976 1557 nobis
990 1487 1158 1577 graiium,

451 1601 603 1670 Poenam
622 1602 692 1670 reis
709 1600 727 1636 *
744 1621 788 1669 ne
807 1601 930 1671 reddas
947 1601 1103 1670 debitam

449 1714 519 1785 Sed
539 1715 669 1783 nomini
686 1719 704 1755 a
719 1723 779 1784 buo
796 1716 840 1784 da
854 1716 1020 1806 gloriam.

322 1962 356 2030 b.
455 1962 638 2032 Summum
657 1961 741 2030 illud
760 1962 941 2032 eonsilium

506 2077 574 2146 Das
593 2074 636 2146 de
647 2078 897 2164 misericordia,

456 2193 503 2263 Ut
521 2191 614 2260 idem
627 2192 754 2262 reddas
771 2194 976 2282 praemium,

506 2308 569 2378 Vis
588 2306 679 2377 banc
699 2329 771 2376 non,
791 2309 972 2378 sacrificia.

370 2422 414 2492 Et
432 2422 521 2493 banc
535 2423 591 2507 da,
605 2423 762 2511 Domine,
782 2423 799 2459 *
817 2423 862 2492 da
877 2424 978 2493 nobis
992 2423 1155 2514 gratiam,

462 2536 614 2606 Poenam
633 2537 739 2607 reis*
757 2559 801 2607 ne
815 2537 941 2606 reddas
960 2537 1114 2606 debitam

462 2650 530 2722 Sed
547 2651 678 2720 nomini
695 2648 713 2686 *
732 2658 789 2721 tuo
803 2651 849 2728 da
867 2651 1028 2742 gloriam.

330 2902 366 2969 7.
465 2904 664 2972 intellectus
682 2921 720 2970 es
738 2900 894 2989 spiritus,

511 3013 584 3091 Quo
602 3013 741 3082 videtur
760 3013 924 3085 divinitas

466 3128 584 3196 Mundi
599 3127 713 3197 condis
731 3130 933 3216 luminibuS,

508 3241 600 3310 Haeo
619 3249 673 3311 est
691 3242 789 3330 regni
807 3241 1016 3312 sublimitas.

375 3357 419 3426 Et
431 3355 520 3426 bane
538 3357 593 3442 da,
615 3357 769 3442 Domine,
788 3355 867 3425 *da
886 3356 986 3426 nobis
1003 3355 1168 3446 gratiam,

466 3474 617 3542 Poenam
632 3473 701 3541 reis
714 3471 730 3506 *
743 3493 787 3541 ne
804 3472 930 3542 reddas
951 3471 1104 3541 debitam

467 3589 536 3658 Sed
552 3589 679 3656 nomini
698 3590 715 3625 *
730 3596 789 3657 tuo
807 3586 850 3656 da
869 3587 1028 3676 gloriam.

332 3829 366 3896 8.
466 3826 534 3896 Das
548 3827 688 3896 tandem
702 3827 922 3916 sapientiam,

510 3943 576 4013 Per
592 3964 698 4034 quam
713 3944 797 4012 fient
811 3940 959 4031 pacifici,

464 4055 598 4124 Nomen
613 4057 723 4145 patris
741 4053 976 4136 sanctificam,

513 4171 551 4236 ln
571 4189 639 4261 quo
654 4171 723 4239 sint
743 4169 802 4236 Dei
817 4167 891 4236 filii.
