2992 5048
735 453 881 508 ..15-

276 571 375 641 nario
411 571 638 643 paraclitensi
671 574 880 669 inserendos
904 575 1152 662 destinaverat,
1187 574 1337 644 sediliis

278 687 577 769 adnumerandus,
599 688 660 778 qui
675 689 765 760 sicut
792 690 979 781 hymnide
1010 681 1139 759 sanctis
1166 689 1340 780 Dionysio,

279 800 466 892 Aigulpho,
488 802 565 870 aliis
588 802 623 871 in
639 804 724 874 iliud
739 813 859 896 postea
879 807 1106 896 irrepserunt.
1127 807 1201 885 Quo
1215 805 1338 895 posito,

286 916 364 985 sieri
383 919 505 1005 potuit,
527 924 565 986 ut
589 925 839 1008 praeteream,
860 940 964 1009 quem
983 921 1018 988 in
1038 920 1114 988 aliis
1133 919 1271 1010 hymnis
1290 928 1345 992 te-

292 1030 369 1099 nuit
387 1029 527 1098 modum
546 1032 699 1102 metricis
726 1053 764 1102 se
783 1033 920 1125 legibus
952 1040 1071 1103 auctor
1098 1032 1340 1123 adstringeret.

287 1143 380 1212 Nam
400 1153 568 1233 quantum
586 1147 802 1217 carminibus
820 1168 887 1217 non
922 1149 1033 1218 solum
1052 1145 1212 1236 rhythmo
1230 1148 1291 1217 sed
1309 1156 1345 1217 et

286 1268 396 1330 metro
420 1261 611 1351 pangendis
637 1284 701 1353 par
732 1264 849 1348 tuerit,
867 1284 1007 1334 carmen
1034 1263 1078 1332 ad
1108 1262 1344 1333 Astratahium

285 1376 455 1465 scriptum
491 1376 616 1466 prohat
640 1377 803 1469 idemque
832 1400 874 1448 ea
894 1380 981 1449 torte
1017 1381 1177 1466 innuunt,
1196 1400 1285 1468 quae
1301 1398 1344 1448 ex

287 1491 466 1561 Heloissae
485 1491 595 1562 literis
615 1514 721 1582 supra
741 1496 988 1584 excerpsimus.
1010 1493 1142 1573 Quibus
1161 1495 1254 1563 enim
1272 1494 1344 1563 Du-

287 1607 445 1676 meriiius
464 1607 659 1677 rationibus
678 1629 819 1677 carmen
838 1609 923 1678 iilud
941 1617 1118 1700 tamquam
1135 1611 1293 1700 spurium
1308 1616 1343 1677 et

291 1719 490 1789 Abastardo
507 1720 691 1810 indignum
709 1724 852 1811 rejicere
871 1729 1026 1810 conatur,
1046 1724 1121 1811 ejus
1138 1732 1221 1793 sunt
1239 1743 1346 1813 gene·

282 1836 347 1923 ris,
366 1856 456 1926 quae
492 1837 528 1904 in
560 1837 705 1906 eandem
737 1838 942 1907 sententiam
970 1838 1140 1928 legentem
1159 1857 1228 1907 non
1258 1836 1336 1906 atii-

283 1950 423 2022 ciant1.
462 1951 591 2021 Deinde
628 1951 807 2042 doxologia
843 1950 1028 2021 Ahaelardi
1054 1970 1166 2041 genua
1207 1950 1344 2019 dicendi

284 2069 426 2136 omnino
454 2067 556 2158 sapit,
578 2068 722 2156 eiusque
750 2067 927 2156 ingenium
958 2066 1171 2135 subodoraro
1195 2066 1344 2136 sortasse

279 2180 398 2251 licebit
415 2182 451 2249 in
472 2180 630 2251 versibus
648 2204 656 2249 :

491 2459 639 2528 Regulam
653 2457 737 2516 vitae
751 2457 972 2529 speculumque
986 2470 1080 2513 verae

597 2555 825 2626 Philosophiae.

329 2793 428 2863 Unde
448 2793 552 2862 rebus
571 2793 733 2862 omnihus
752 2790 981 2860 consideratis
999 2788 1237 2856 Ahaelardum
1257 2807 1346 2855 auc·

281 2916 396 2978 ‘torem
426 2907 589 2977 carminis
616 2907 725 2976 tuisse
749 2912 844 2974 certo
870 2923 934 2973 nec
959 2902 1126 2970 affirmari
1152 2920 1253 2991 posse
1280 2920 1344 2968 nec

283 3023 404 3111 negari
423 3023 533 3092 sedin
552 3021 691 3110 ancipiti
711 3018 850 3087 videtur
868 3014 1146 3105 relinquendum.

324 3134 460 3212 'Quodsi
493 3135 639 3204 ulterius
678 3139 878 3221 quaeratur,
917 3137 1037 3198 utrum
1070 3127 1196 3196 additis
1234 3120 1344 3197 codici

279 3248 504 3317 Bruxellensi
525 3249 661 3339 hymnis
680 3243 927 3336 Catmontanis,
949 3261 1115 3310 numerus
1136 3242 1344 3331 hymnorum

282 3361 328 3431 ah
348 3363 544 3432 Ahaelardo
562 3362 837 3451 conscriptorum
855 3357 1046 3446 completus
1067 3356 1200 3424 censeri
1219 3355 1344 3424 debeat

279 3497 345 3547 nec
375 3471 436 3564 ne,'
465 3479 644 3567 negativae
686 3495 829 3566 prorsus
857 3473 1049 3543 sententiae
1077 3471 1341 3540 inhaerendum.

282 3590 386 3662 Certe
407 3592 501 3660 enim
520 3592 638 3682 hymni
671 3592 713 3660 de
737 3610 838 3660 cruce
864 3587 1030 3677 quinque,
1057 3586 1100 3654 de
1127 3585 1253 3675 quihus
1269 3587 1343 3673 jam

279 3726 388 3796 supra
425 3707 635 3792 monuimus,
665 3706 792 3795 quique
818 3703 854 3770 in
882 3700 1105 3769 Bruxellensi
1125 3697 1241 3768 codice
1272 3717 1343 3765 non

279 3822 402 3890 insunt
420 3841 552 3907 omneS,
570 3841 692 3890 omnes
707 3820 833 3888 desunt
854 3817 890 3884 in
910 3815 1146 3911 Catmontauo.
1168 3812 1258 3881 Sunt
1280 3811 1345 3901 qui⁴

278 3943 419 4025 praeter
437 3946 573 4027 partem
603 3937 823 4027 hymnorum,
853 3952 942 4021 quac
973 3938 1089 3999 tamen
1119 3928 1186 3998 nisi
1217 3927 1343 4016 exigna

280 4068 359 4119 esse
379 4071 448 4120 non
468 4051 731 4141 potest,tihrum
751 4047 1011 4137 sequentiarum
1025 4045 1202 4134 integrum
1215 4042 1345 4131 deper-

312 4269 337 4323 1.
357 4266 471 4326 Poe’sics
480 4274 648 4338 conationes
660 4272 699 4322 du
713 4265 895 4336 croyait-dyc.
908 4267 1000 4330 Parte,
1014 4265 1084 4327 1847,
1098 4278 1125 4329 p.
1140 4262 1187 4316 tao
1202 4274 1263 4326 sqq.
