2992 5048
672 430 830 489 ...232-

690 662 798 730 CXIII

654 827 698 878 nu
716 828 839 881 Laudes.

223 1048 254 1116 1.
313 1046 493 1117 Justorurn
510 1048 693 1138 exsequiae
711 1057 728 1094 *
746 1049 865 1121 laudes
883 1051 1034 1140 exigunt,

310 1163 499 1253 lmpiorum
519 1164 641 1233 funera
662 1175 678 1211 *
696 1166 811 1235 luctus
829 1167 1006 1256 ingerunt,

396 1279 467 1348 Hos
485 1281 529 1349 ad
543 1280 687 1348 vitam*
709 1301 804 1349 mors
823 1288 997 1350 aeternam
1015 1282 1143 1369 evehit,

401 1397 481 1466 Ilios
495 1397 622 1488 duplex
641 1406 657 1442 *
678 1419 772 1469 mors
791 1400 825 1466 in
841 1408 950 1469 morte
965 1400 1120 1469 conterit.

218 1512 343 1581 Gravis
362 1514 428 1582 ista
446 1517 463 1553 *
481 1514 611 1583 sanctis
631 1515 701 1584 vita
719 1522 736 1558 *
753 1535 872 1584 carcer
886 1523 939 1583 est
955 1524 989 1584 et
1002 1516 1151 1601 vincula,

219 1627 281 1696 His
300 1628 458 1698 contritis
475 1630 549 1696 *ad
569 1636 602 1697 te
616 1629 707 1720 fugit
724 1639 741 1676 *
756 1638 872 1719 erepta
888 1630 967 1700 hinc
983 1632 1118 1716 anima;
1158 1675 1161 1684 ·

310 1741 378 1811 Per
396 1763 500 1832 quern
512 1749 605 1828 sunt,
627 1745 742 1831 *justi
762 1744 957 1834 quicunque
969 1752 1062 1830 sunt,

310 1857 376 1926 Per
395 1879 499 1946 quem
518 1866 611 1944 sunt,
633 1859 649 1896 *
671 1860 763 1928 beuti
781 1861 910 1949 quique
928 1865 1020 1928 sunt.

219 2108 253 2176 2.
313 2108 367 2176 Ad
382 2116 415 2178 tc
434 2127 511 2176 cum
528 2110 727 2195 pervenerit
744 2118 760 2154 *
778 2107 858 2176 felix
873 2107 999 2192 anima,

314 2223 396 2302 Quis
409 2243 553 2291 narrare
571 2223 697 2291 sufficit
715 2223 820 2311 *ejus
834 2223 986 2313 gaudia?

396 2338 490 2417 Quae
510 2339 707 2424 majestas*
725 2337 784 2408 illn
803 2339 859 2424 sit,
878 2358 983 2428 quam
1001 2336 1177 2426 conspicit,

394 2455 488 2532 Quae
501 2453 758 2522 circumstans*
776 2454 885 2540 curia,
906 2454 985 2540 quis
1004 2450 1160 2521 dixerit?

218 2568 326 2638 Nemo
346 2567 451 2636 miser
468 2571 485 2607 *
503 2567 597 2634 illam
611 2573 752 2655 potest*
770 2567 917 2658 gloriam
931 2566 1140 2655 conspicere,

222 2684 296 2761 Qua
313 2681 483 2751 laetaris*
504 2702 583 2749 cum
598 2683 726 2765 electis,
745 2680 762 2717 *
780 2682 823 2750 ad
842 2702 946 2771 qnam
963 2688 998 2750 et
1016 2700 1079 2749 nos
1093 2680 1274 2768 pertrahe;

304 2799 372 2867 Per
391 2817 494 2886 quem
512 2803 605 2882 suut,
625 2795 641 2831 *
658 2797 744 2884 justi
763 2797 960 2886 quicunqne
978 2802 1071 2882 sunt,

307 2913 376 2981 Par
393 2932 497 3001 quem
512 2909 641 3002 suntp*
655 2912 747 2981 beati
766 2913 892 3001 quique
908 2918 1000 2979 sunt.
1085 2938 1090 2944 ·

215 3159 249 3226 3.
306 3157 344 3225 ln
357 3157 490 3226 sanctis
508 3158 692 3226 mirabili*
712 3158 779 3227 Deo
796 3159 918 3247 gloria,

239 3338 241 3344 .
306 3272 359 3340 Ex
371 3292 452 3362 quc,
462 3293 524 3360 per
536 3293 651 3362 quem,
663 3274 698 3341 in
718 3294 784 3363 quo
799 3282 891 3360 sunt,
902 3279 918 3315 *
930 3292 1017 3361 quae
1032 3279 1126 3358 sunt,
1142 3271 1269 3357 omnia,

398 3389 509 3475 Cujus
527 3391 612 3478 agit,
632 3392 648 3428 *
667 3389 833 3478 quidquid
851 3388 937 3476 vult,
954 3388 1117 3476 potentia,

400 3501 605 3591 Optimequo
623 3507 639 3543 *
653 3503 802 3594 disponit
816 3503 1008 3594 prudentia.

221 3616 483 3694 Ouemetvelle
501 3617 610 3706 *geri
629 3617 745 3687 hene*
764 3616 964 3706 disponique
983 3616 1131 3705 singula,

216 3727 377 3796 Dubitari
394 3728 493 3795 *non
508 3728 705 3816 permittit*
724 3730 799 3817 ejus
813 3749 948 3798 summa
965 3728 1120 3814 bonitas3

307 3843 376 3913 Per
393 3864 498 3934 quern
518 3851 610 3930 sunt,
632 3848 648 3884 *
663 3846 749 3934 justi
768 3846 963 3935 quicunque
981 3852 1075 3926 sunt,

309 3960 376 4029 Per
394 3981 498 4050 quem
514 3969 608 4045 sunt,
628 3958 644 3994 *
660 3961 754 4031 beati
772 3962 901 4053 quique
917 3968 1011 4030 sunt.
