2992 5048
732 447 876 505 -lr-.-

272 571 624 665 comprehendantur,
645 571 768 642 Hilarii
790 592 875 642 vero
888 570 1097 661 hymnorum
1111 569 1251 655 librum,
1264 568 1333 660 qui

272 691 460 760 maximam
480 694 614 779 partem
633 687 836 778 deperditus
856 693 921 772 est,
942 685 1022 756 usui
1040 685 1201 776 liturgico
1213 685 1332 767 ‚desti-

275 811 395 874 natum
411 824 479 875 non
500 803 608 874 luisse
634 802 722 872 satis
737 823 779 873 ex
798 801 932 892 paucis,
951 820 1041 892 quae
1060 820 1171 891 nuper
1189 800 1332 873 iuventa

268 925 372 1004 sunt,
392 918 595 1009 fragmentis
609 918 733 988 elucet.

289 1051 292 1063 ·
321 1034 483 1123 Singulos
502 1052 586 1103 vero
600 1033 753 1124 hymnos
772 1031 944 1102 scrutanti
963 1030 1062 1101 lacile
1091 1029 1235 1121 patebit,
1262 1052 1332 1102 uon

275 1151 379 1219 unius
398 1169 517 1218 omnes
532 1168 614 1218 esse·
627 1148 757 1218 meriti.
773 1147 891 1239 Aliqui
905 1145 999 1217 enim
1017 1154 1111 1233 sont,
1132 1165 1218 1237 quos
1236 1153 1337 1217 tanto

270 1259 414 1357 ingenio
429 1263 591 1355 indignos
619 1271 713 1335 recte
731 1263 874 1350 dixeris,
895 1262 1087 1351 cuiusmodi
1105 1270 1187 1333 sunt
1215 1262 1335 1354 hymni

274 1377 547 1449 dededicatione
559 1379 737 1450 ecclesiae.
758 1379 874 1468 Jejuni
894 1378 988 1448 enim
1002 1385 1083 1448 sunl
1101 1398 1165 1448 nec
1182 1377 1337 1449 intellec·

277 1501 352 1562 tum
387 1500 569 1584 pascentes
589 1515 652 1564 nee
672 1495 830 1563 animum
862 1494 1130 1567 inflammantes.
1169 1495 1233 1572 Qui
1266 1515 1335 1585 quo

268 1616 374 1698 pacto
393 1609 429 1677 in
448 1609 672 1699 hymnarium
692 1611 848 1700 irrepere
866 1610 1053 1700 potuerint,
1083 1611 1141 1678 vix
1160 1609 1333 1698 intellige-

276 1744 362 1816 rem,
384 1723 449 1793 nisi
469 1732 562 1794 totus
581 1732 764 1814 appareret
780 1745 847 1793 uno
866 1723 972 1792 veluti
982 1731 1097 1794 tractu
1109 1723 1333 1813 compositus,

276 1839 332 1926 ita¹
355 1849 398 1911 nt
426 1841 530 1911 horas
559 1842 697 1929 jejunas
716 1839 820 1910 etab
856 1838 1083 1928 inspiratione
1117 1858 1332 1908 vacuasnon

268 1989 270 1992 ⁴
275 1954 550 2044 praetermiserit
562 1960 675 2045 poeta.
693 1955 743 2023 Ex
760 1953 904 2043 reliquis
919 1950 1058 2042 hymnis
1070 1951 1127 2020 alii
1142 1950 1333 2021 mediocres

274 2076 368 2152 sunt,
390 2075 429 2138 ut
453 2089 573 2139 omnes
591 2070 664 2139 iere
685 2068 803 2159 hymni
823 2067 926 2157 primi
944 2066 1065 2152 libelli,
1086 2065 1278 2136 dominicos
1296 2051 1333 2136 ei

273 2182 440 2272 hymnum
457 2183 501 2252 ad
520 2204 683 2273 vesperas
703 2183 847 2253 Sabbati
867 2183 897 2250 si
916 2182 1091 2272 exceperis
1099 2203 1115 2266 -3
1135 2180 1180 2250 ad
1198 2183 1331 2271 praeci·

273 2297 399 2388 pientis
417 2298 510 2367 enim
524 2297 710 2368 dictionem
732 2300 848 2388 potins
868 2319 971 2388 quam
987 2298 1032 2367 ad
1046 2298 1145 2387 lyrici
1164 2298 1330 2368 carminis

270 2413 436 2504 impetum
456 2413 636 2483 accedunt.
658 2413 728 2482 Sed
748 2413 860 2500 major
877 2413 979 2502 longe
995 2431 1116 2481 eorum
1134 2421 1188 2482 est
1205 2433 1330 2482 nume-

272 2547 332 2596 rus
351 2526 532 2628 inquibus
569 2548 649 2598 cum
680 2527 820 2618 ingenio
855 2526 1007 2597 auctoris
1040 2528 1112 2596 aori
1138 2533 1172 2596 et
1207 2527 1328 2597 subtili

270 2643 442 2733 ingenuae
473 2651 508 2712 et
543 2642 716 2713 insucatae
748 2640 987 2732 inspirationis
1023 2640 1179 2711 fervores
1206 2639 1329 2712 festine

268 2756 491 2847 iucundeque
523 2759 791 2847 permiscentur.
820 2757 900 2827 Scio
931 2756 1091 2847 equidem
1119 2777 1189 2826 nou
1207 2777 1335 2828 omnes

270 2872 335 2942 hac
348 2872 390 2967 in
409 2892 447 2941 re
467 2891 603 2941 mecum
622 2874 765 2942 sentire.
802 2873 854 2942 lta
873 2871 970 2942 Pitra
1000 2871 1087 2941 nihil
1103 2872 1197 2941 aliud
1216 2874 1330 2964 egisse

269 2984 507 3053 Ahaelardum
543 2991 674 3060 censet,
715 3012 732 3050 u
770 3006 875 3075 quam
902 2983 1062 3076 rhythmo
1097 2987 1330 3076 qualicunque

266 3098 390 3188 ligare,
420 3119 509 3188 quae
537 3098 748 3188 jampridem
785 3106 866 3168 ante
899 3100 1010 3170 soluta
1038 3101 1201 3172 oratione·
1218 3101 1330 3192 expli-

268 3220 413 3282 cuerant
431 3214 489 3282 alii
504 3238 535 3281 r.
554 3217 622 3285 Sed
635 3224 879 3306 praeterquam
896 3215 995 3306 quod
1007 3218 1042 3285 iu
1062 3218 1169 3287 rebus
1188 3218 1331 3308 religio-

269 3328 324 3396 nis
342 3328 492 3398 arduum
510 3329 569 3414 sit,
591 3335 668 3419 post
688 3336 738 3400 lot
760 3331 952 3420 praeclara,
968 3351 1057 3421 qnae
1079 3331 1123 3400 de
1138 3331 1262 3400 iisdem
1293 3337 1329 3401 et

267 3462 371 3530 prosa
386 3450 424 3513 >et
442 3464 549 3513 versu
567 3445 740 3530 dixerunt,
761 3446 900 3535 ingenia
929 3467 1020 3516 nova
1039 3454 1074 3516 et
1091 3446 1206 3516 adhuc
1224 3448 1329 3516 inau-

265 3554 338 3625 dita
358 3537 540 3646 prolerre,
588 3567 660 3628 lam
698 3559 877 3629 diversum
905 3559 950 3627 ab
978 3559 1068 3645 aliis,
1094 3561 1156 3650 qui
1180 3560 1329 3652 hymnos

263 3680 545 3760 composuerunt,
563 3671 703 3743 dicendi
721 3694 831 3764 genus
849 3681 1002 3744 sectatus
1021 3680 1074 3744 est
1092 3676 1337 3785 Ahaelardus,

261 3792 301 3854 ut
319 3795 397 3875 post
428 3788 605 3858 Adamum
642 3789 861 3860 Victorinum
879 3790 937 3859 vix
957 3791 1067 3860 ullum
1087 3794 1178 3862 inter
1205 3813 1326 3862 omnes

259 3900 365 3968 medii
385 3904 462 3972 aevi
488 3903 770 3994 hymnographos
789 3905 1041 3994 adsignaveris,
1061 3903 1104 3976 de
1124 3928 1191 3996 quo
1205 3907 1323 3976 verius

257 4007 345 4085 illud
365 4037 408 4085 erc
423 4039 539 4109 unque
558 4020 687 4089 leonem
704 4019 930 4110 pronuntiare
947 4021 1060 4090 liceat.
1083 4023 1212 4092 Senius
1239 4023 1324 4092 mihi

260 4150 301 4198 ac
320 4134 458 4204 veritati
485 4138 597 4226 magis
625 4142 898 4206 consentaneum
917 4137 1066 4224 videtur,
1087 4139 1180 4229 quod
1199 4140 1243 4208 de
1260 4139 1326 4208 iis·-

259 4242 338 4312 dem
354 4245 496 4336 ‘hymnis
524 4250 693 4338 judicium
720 4249 800 4320 tulit
819 4250 1043 4338 Amboesius,
1067 4274 1084 4317 r
1105 4273 1268 4342 magnam
1283 4253 1326 4320 in-

1182 4391 1199 4442 s
