2992 5048
663 427 809 484 ..42-

712 681 759 749 XI

638 846 682 900 Ad
697 848 833 901 Primam.

229 1094 237 1109 .
295 1042 466 1111 Auroram
482 1041 631 1111 lucifer*
645 1043 769 1134 praeit,
788 1043 839 1112 sol
852 1041 1010 1133 sequitur
1019 1061 1032 1126 ·;

294 1159 429 1226 Aurora
448 1156 527 1227 lidei
545 1159 561 1194 '⁶
579 1157 639 1227 lux
653 1157 871 1248 intelligitur,

296 1274 404 1352 Quam
418 1293 522 1342 verus
539 1273 687 1343 lucifer*
701 1273 878 1364 surgendo
897 1273 1055 1357 eontulit,

295 1389 384 1458 Caro
397 1387 597 1458 dominica*
615 1409 695 1458 cum
714 1387 927 1459 refloruerit.

203 1558 239 1624 2.
293 1557 358 1627 Hie
376 1557 468 1626 idem
486 1557 607 1627 luciler
624 1560 642 1596 *
660 1564 698 1627 ut
716 1559 768 1628 sol
783 1557 974 1643 refulserit,

295 1676 383 1741 llum
395 1672 842 1761 adjudicium*eommune
862 1673 1015 1758 venerit,

295 1788 404 1876 Cujus
423 1787 481 1856 lux
499 1787 741 1858 luerit*lenta
759 1787 990 1879 praesentiae,

268 1977 272 1982 ,
295 1904 341 1973 Ut
357 1902 616 1973 eonscientiae*
633 1903 817 1993 loquentur
834 1901 1008 1993 singulae.

199 2103 205 2118 ·-
234 2121 242 2136 .
297 2072 398 2139 Hunc
415 2068 639 2155 invisibilem,
658 2080 675 2116 *
692 2090 797 2159 quem
812 2070 1056 2161 intelligimus,

299 2184 416 2254 Solem
428 2183 641 2253 ennuntiat*
658 2185 735 2270 iste,
756 2205 859 2275 quem
871 2184 1060 2271 cernimus,

302 2299 395 2369 Elin
412 2298 615 2369 visibilem*
632 2306 809 2370 auctorem
827 2300 983 2369 omnium

302 2415 437 2485 Laudat
454 2413 633 2484 visibilis*
652 2414 793 2485 effectus
806 2434 965 2505 operum.

238 2633 246 2650 .
303 2583 445 2653 Cunctis
458 2581 724 2667 laudantibus*
742 2581 855 2669 homo,
872 2602 917 2652 ne
931 2589 1058 2667 taceas,

303 2695 392 2765 Cum
410 2693 530 2764 leudes
548 2695 691 2764 Domino
708 2701 725 2739 *
742 2715 804 2783 pre
822 2694 957 2764 eunctis
975 2692 1116 2778 debeas

302 2810 448 2900 Urgeris
461 2809 608 2900 singulis
625 2810 642 2848 *
660 2830 702 2880 ex
716 2809 906 2894 benefieiis,

306 2927 352 2998 Ut
370 2935 488 3018 gretes
505 2925 695 2996 laudibus*
712 2926 827 2995 solves
844 2925 1030 2996 continuis.

209 3096 249 3162 5.
298 3091 446 3163 Perenni
462 3092 605 3162 Domino
617 3101 634 3138 ¹¹¹
648 3113 769 3183 perpes
786 3093 833 3161 sit
850 3092 975 3181 gloria,

295 3209 348 3276 Ex
361 3226 430 3297 quo
445 3214 539 3293 sunt,
555 3227 618 3298 per
634 3227 738 3297 quem
756 3214 850 3293 sunt,
864 3211 881 3249 ⁴¹
897 3207 934 3274 in
946 3225 1015 3297 quo
1032 3212 1116 3274 sunt·
1129 3202 1247 3273 omniu
1268 3223 1278 3269 t

305 3321 439 3409 Exque
457 3327 550 3407 sunt,
571 3327 670 3410 pater
684 3328 746 3406 est,
765 3320 782 3405 *ἦ
799 3339 980 3410 perquem
996 3324 1091 3404 sunt,
1105 3317 1213 3404 lilius,

307 3437 345 3505 ln
364 3455 433 3526 quo
452 3443 544 3522 sunt,
566 3436 675 3527 putris
689 3438 753 3506 et*
770 3436 833 3504 filii
851 3435 1008 3526 spiritus.
