<?xml version="1.0" encoding="UTF-8"?>
<!DOCTYPE html PUBLIC "-//W3C//DTD XHTML 1.0 Transitional//EN"
    "http://www.w3.org/TR/xhtml1/DTD/xhtml1-transitional.dtd">
<html xmlns="http://www.w3.org/1999/xhtml" xml:lang="en" lang="en">
 <head>
  <title>
</title>
<meta http-equiv="Content-Type" content="text/html;charset=utf-8" />
  <meta name='ocr-system' content='tesseract 3.04.00' />
  <meta name='ocr-capabilities' content='ocr_page ocr_carea ocr_par ocr_line ocrx_word'/>
</head>
<body>
  <div class='ocr_page' id='page_1' title='image "./petriabaelardip00abelgoog_0047.png"; bbox 0 0 2992 5048; ppageno 0'>
   <div class='ocr_carea' id='block_1_1' title="bbox 615 443 755 498">
    <p class='ocr_par' dir='ltr' id='par_1_1' title="bbox 615 443 755 498">
     <span class='ocr_line' id='line_1_1' title="bbox 615 443 755 498; baseline -0.007 -14"><span class='ocrx_word' id='word_1_1' title='bbox 615 443 755 498; x_wconf 76' lang='lat'>..32-</span> 
     </span>
    </p>
   </div>
   <div class='ocr_carea' id='block_1_2' title="bbox 658 634 704 704">
    <p class='ocr_par' dir='ltr' id='par_1_2' title="bbox 658 634 704 704">
     <span class='ocr_line' id='line_1_2' title="bbox 658 634 704 704; baseline -0.043 0"><span class='ocrx_word' id='word_1_2' title='bbox 658 634 704 704; x_wconf 94' lang='lat' dir='ltr'><strong>Ill</strong></span> 
     </span>
    </p>
   </div>
   <div class='ocr_carea' id='block_1_3' title="bbox 533 798 833 850">
    <p class='ocr_par' dir='ltr' id='par_1_3' title="bbox 533 798 833 850">
     <span class='ocr_line' id='line_1_3' title="bbox 533 798 833 850; baseline -0.003 -1"><span class='ocrx_word' id='word_1_3' title='bbox 533 799 567 850; x_wconf 87' lang='lat' dir='ltr'><strong>ln</strong></span> <span class='ocrx_word' id='word_1_4' title='bbox 583 798 665 850; x_wconf 85' lang='lat' dir='ltr'><strong>terlio</strong></span> <span class='ocrx_word' id='word_1_5' title='bbox 679 798 833 850; x_wconf 85' lang='lat' dir='ltr'><strong>Nocturna.</strong></span> 
     </span>
    </p>
   </div>
   <div class='ocr_carea' id='block_1_4' title="bbox 286 962 912 1654">
    <p class='ocr_par' dir='ltr' id='par_1_4' title="bbox 286 962 912 1654">
     <span class='ocr_line' id='line_1_4' title="bbox 288 962 847 1033; baseline -0.004 0"><span class='ocrx_word' id='word_1_6' title='bbox 288 967 320 1033; x_wconf 92' lang='lat' dir='ltr'><strong>l.</strong></span> <span class='ocrx_word' id='word_1_7' title='bbox 375 965 413 1032; x_wconf 88' lang='lat' dir='ltr'><strong>ln</strong></span> <span class='ocrx_word' id='word_1_8' title='bbox 428 972 550 1033; x_wconf 88' lang='lat' dir='ltr'><strong>crtum</strong></span> <span class='ocrx_word' id='word_1_9' title='bbox 567 962 689 1031; x_wconf 88' lang='lat' dir='ltr'><strong>mundi</strong></span> <span class='ocrx_word' id='word_1_10' title='bbox 707 962 847 1032; x_wconf 89' lang='lat' dir='ltr'><strong>sensilis</strong></span> 
     </span>
     <span class='ocr_line' id='line_1_5' title="bbox 382 1077 779 1169; baseline -0.005 -20"><span class='ocrx_word' id='word_1_11' title='bbox 382 1080 533 1149; x_wconf 89' lang='lat' dir='ltr'><strong>Mundus</strong></span> <span class='ocrx_word' id='word_1_12' title='bbox 550 1077 779 1169; x_wconf 81' lang='lat' dir='ltr'><strong>intelligibilis</strong></span> 
     </span>
     <span class='ocr_line' id='line_1_6' title="bbox 332 1193 901 1266; baseline 0 -2"><span class='ocrx_word' id='word_1_13' title='bbox 332 1195 434 1265; x_wconf 88' lang='lat' dir='ltr'><strong>Coelo</strong></span> <span class='ocrx_word' id='word_1_14' title='bbox 455 1193 560 1263; x_wconf 89' lang='lat' dir='ltr'><strong>simul</strong></span> <span class='ocrx_word' id='word_1_15' title='bbox 576 1194 593 1229; x_wconf 88' lang='grc'>*</span> <span class='ocrx_word' id='word_1_16' title='bbox 607 1201 641 1263; x_wconf 90' lang='lat' dir='ltr'><strong>et</strong></span> <span class='ocrx_word' id='word_1_17' title='bbox 657 1201 751 1263; x_wconf 86' lang='lat' dir='ltr'><strong>terra</strong></span> <span class='ocrx_word' id='word_1_18' title='bbox 765 1195 901 1266; x_wconf 89' lang='lat' dir='ltr'><strong>condito</strong></span> 
     </span>
     <span class='ocr_line' id='line_1_7' title="bbox 333 1310 912 1404; baseline -0.003 -22"><span class='ocrx_word' id='word_1_19' title='bbox 333 1316 382 1384; x_wconf 88' lang='lat' dir='ltr'><strong>De</strong></span> <span class='ocrx_word' id='word_1_20' title='bbox 401 1310 544 1384; x_wconf 84' lang='lat' dir='ltr'><strong>divino*</strong></span> <span class='ocrx_word' id='word_1_21' title='bbox 557 1315 632 1402; x_wconf 87' lang='lat' dir='ltr'><strong>jam</strong></span> <span class='ocrx_word' id='word_1_22' title='bbox 651 1314 766 1404; x_wconf 80' lang='lat' dir='ltr'>prodit</span> <span class='ocrx_word' id='word_1_23' title='bbox 785 1313 912 1382; x_wconf 78' lang='lat' dir='ltr'><strong>animo.</strong></span> 
     </span>
     <span class='ocr_line' id='line_1_8' title="bbox 286 1455 858 1545; baseline 0 -22"><span class='ocrx_word' id='word_1_24' title='bbox 286 1457 319 1523; x_wconf 78' lang='lat'><strong>2.</strong></span> <span class='ocrx_word' id='word_1_25' title='bbox 373 1456 513 1524; x_wconf 84' lang='lat' dir='ltr'><strong>Caelum</strong></span> <span class='ocrx_word' id='word_1_26' title='bbox 534 1477 613 1524; x_wconf 84' lang='lat' dir='ltr'><strong>mox</strong></span> <span class='ocrx_word' id='word_1_27' title='bbox 634 1455 858 1545; x_wconf 78' lang='lat' dir='ltr'><strong>spiritalibus</strong></span> 
     </span>
     <span class='ocr_line' id='line_1_9' title="bbox 382 1569 830 1654; baseline 0 -16"><span class='ocrx_word' id='word_1_28' title='bbox 382 1570 594 1640; x_wconf 89' lang='lat' dir='ltr'><strong>Redimitum</strong></span> <span class='ocrx_word' id='word_1_29' title='bbox 610 1578 662 1639; x_wconf 88' lang='lat' dir='ltr'><strong>est</strong></span> <span class='ocrx_word' id='word_1_30' title='bbox 681 1569 830 1654; x_wconf 87' lang='lat' dir='ltr'><strong>civibus,</strong></span> 
     </span>
    </p>
   </div>
   <div class='ocr_carea' id='block_1_5' title="bbox 332 1681 977 1868">
    <p class='ocr_par' dir='ltr' id='par_1_5' title="bbox 332 1681 977 1868">
     <span class='ocr_line' id='line_1_10' title="bbox 336 1681 977 1753; baseline -0.003 0"><span class='ocrx_word' id='word_1_31' title='bbox 336 1686 429 1753; x_wconf 87' lang='lat' dir='ltr'><strong>Haec</strong></span> <span class='ocrx_word' id='word_1_32' title='bbox 444 1691 620 1752; x_wconf 76' lang='lat' dir='ltr'><strong>auctorem</strong></span> <span class='ocrx_word' id='word_1_33' title='bbox 638 1682 656 1718; x_wconf 88' lang='grc'><strong>*</strong></span> <span class='ocrx_word' id='word_1_34' title='bbox 679 1703 782 1751; x_wconf 78' lang='lat' dir='ltr'><strong>sunna</strong></span> <span class='ocrx_word' id='word_1_35' title='bbox 799 1681 977 1751; x_wconf 77' lang='lat' dir='ltr'><strong>laudantia</strong></span> 
     </span>
     <span class='ocr_line' id='line_1_11' title="bbox 332 1798 852 1868; baseline -0.006 0"><span class='ocrx_word' id='word_1_36' title='bbox 332 1799 531 1868; x_wconf 78' lang='lat' dir='ltr'><strong>Matutine*</strong></span> <span class='ocrx_word' id='word_1_37' title='bbox 554 1807 636 1868; x_wconf 89' lang='lat' dir='ltr'><strong>sunt</strong></span> <span class='ocrx_word' id='word_1_38' title='bbox 647 1798 706 1867; x_wconf 94' lang='lat' dir='ltr'><strong>illa</strong></span> <span class='ocrx_word' id='word_1_39' title='bbox 724 1798 852 1867; x_wconf 88' lang='lat' dir='ltr'><strong>sidera.</strong></span> 
     </span>
    </p>
   </div>
   <div class='ocr_carea' id='block_1_6' title="bbox 290 1939 911 2513">
    <p class='ocr_par' dir='ltr' id='par_1_6' title="bbox 290 1939 911 2513">
     <span class='ocr_line' id='line_1_12' title="bbox 290 1939 755 2010; baseline -0.002 -1"><span class='ocrx_word' id='word_1_40' title='bbox 290 1943 325 2010; x_wconf 73' lang='lat'><strong>3&#39;.</strong></span> <span class='ocrx_word' id='word_1_41' title='bbox 381 1939 497 2008; x_wconf 86' lang='lat' dir='ltr'><strong>Tellus</strong></span> <span class='ocrx_word' id='word_1_42' title='bbox 516 1939 629 2008; x_wconf 87' lang='lat' dir='ltr'><strong>inanis</strong></span> <span class='ocrx_word' id='word_1_43' title='bbox 645 1959 755 2008; x_wconf 89' lang='lat' dir='ltr'><strong>vacua</strong></span> 
     </span>
     <span class='ocr_line' id='line_1_13' title="bbox 383 2054 786 2144; baseline 0 -20"><span class='ocrx_word' id='word_1_44' title='bbox 383 2055 531 2124; x_wconf 82' lang='lat' dir='ltr'><strong>Latebat</strong></span> <span class='ocrx_word' id='word_1_45' title='bbox 544 2076 643 2144; x_wconf 85' lang='lat' dir='ltr'><strong>aqurs</strong></span> <span class='ocrx_word' id='word_1_46' title='bbox 661 2054 786 2141; x_wconf 85' lang='lat' dir='ltr'><strong>obsi-ta,</strong></span> 
     </span>
     <span class='ocr_line' id='line_1_14' title="bbox 298 2169 884 2260; baseline -0.003 -20"><span class='ocrx_word' id='word_1_47' title='bbox 298 2213 302 2220; x_wconf 88' lang='lat'><strong>·</strong></span> <span class='ocrx_word' id='word_1_48' title='bbox 340 2175 391 2240; x_wconf 87' lang='lat' dir='ltr'><strong>Ac</strong></span> <span class='ocrx_word' id='word_1_49' title='bbox 410 2170 514 2239; x_wconf 83' lang='lat' dir='ltr'><strong>iacies</strong></span> <span class='ocrx_word' id='word_1_50' title='bbox 527 2177 543 2212; x_wconf 79' lang='lat'>*</span> <span class='ocrx_word' id='word_1_51' title='bbox 555 2169 721 2258; x_wconf 49' lang='lat' dir='ltr'><strong>‘profundi</strong></span> <span class='ocrx_word' id='word_1_52' title='bbox 734 2170 884 2260; x_wconf 83' lang='lat' dir='ltr'><strong>gurgitis</strong></span> 
     </span>
     <span class='ocr_line' id='line_1_15' title="bbox 335 2282 911 2375; baseline -0.003 -21"><span class='ocrx_word' id='word_1_53' title='bbox 335 2282 546 2375; x_wconf 71' lang='lat' dir='ltr'><strong>Caligabat*</strong></span> <span class='ocrx_word' id='word_1_54' title='bbox 567 2284 727 2354; x_wconf 87' lang='lat' dir='ltr'><strong>obductis</strong></span> <span class='ocrx_word' id='word_1_55' title='bbox 745 2285 911 2354; x_wconf 89' lang='lat' dir='ltr'><strong>tenebris.</strong></span> 
     </span>
     <span class='ocr_line' id='line_1_16' title="bbox 291 2425 826 2513; baseline 0 -19"><span class='ocrx_word' id='word_1_56' title='bbox 291 2427 325 2494; x_wconf 79' lang='lat' dir='ltr'><strong>l.</strong></span> <span class='ocrx_word' id='word_1_57' title='bbox 385 2427 507 2513; x_wconf 81' lang='lat' dir='ltr'><strong>Aquae</strong></span> <span class='ocrx_word' id='word_1_58' title='bbox 525 2426 646 2494; x_wconf 84' lang='lat' dir='ltr'><strong>fovens</strong></span> <span class='ocrx_word' id='word_1_59' title='bbox 664 2425 826 2494; x_wconf 83' lang='lat' dir='ltr'><strong>vivificus</strong></span> 
     </span>
    </p>
   </div>
   <div class='ocr_carea' id='block_1_7' title="bbox 336 2538 1082 2741">
    <p class='ocr_par' dir='ltr' id='par_1_7' title="bbox 336 2538 1082 2741">
     <span class='ocr_line' id='line_1_17' title="bbox 379 2538 878 2628; baseline -0.004 -20"><span class='ocrx_word' id='word_1_60' title='bbox 379 2540 459 2608; x_wconf 85' lang='lat' dir='ltr'><strong>Jam</strong></span> <span class='ocrx_word' id='word_1_61' title='bbox 478 2538 706 2608; x_wconf 85' lang='lat' dir='ltr'><strong>incumbebat</strong></span> <span class='ocrx_word' id='word_1_62' title='bbox 723 2539 878 2628; x_wconf 78' lang='lat' dir='ltr'><strong>spiritua,</strong></span> 
     </span>
     <span class='ocr_line' id='line_1_18' title="bbox 336 2651 1082 2741; baseline -0.001 -21"><span class='ocrx_word' id='word_1_63' title='bbox 336 2654 383 2721; x_wconf 93' lang='lat' dir='ltr'><strong>Ut</strong></span> <span class='ocrx_word' id='word_1_64' title='bbox 402 2651 482 2720; x_wconf 90' lang='lat' dir='ltr'><strong>hinc</strong></span> <span class='ocrx_word' id='word_1_65' title='bbox 501 2656 642 2741; x_wconf 86' lang='lat' dir='ltr'><strong>aquae*</strong></span> <span class='ocrx_word' id='word_1_66' title='bbox 659 2656 731 2741; x_wconf 85' lang='lat' dir='ltr'><strong>jam</strong></span> <span class='ocrx_word' id='word_1_67' title='bbox 751 2659 833 2721; x_wconf 89' lang='lat' dir='ltr'><strong>tunc</strong></span> <span class='ocrx_word' id='word_1_68' title='bbox 852 2652 1082 2741; x_wconf 78' lang='lat' dir='ltr'><strong>conciperent,</strong></span> 
     </span>
    </p>
   </div>
   <div class='ocr_carea' id='block_1_8' title="bbox 335 2767 1078 2856">
    <p class='ocr_par' dir='ltr' id='par_1_8' title="bbox 335 2767 1078 2856">
     <span class='ocr_line' id='line_1_19' title="bbox 335 2767 1078 2856; baseline -0.001 -19"><span class='ocrx_word' id='word_1_69' title='bbox 335 2767 435 2837; x_wconf 89' lang='lat' dir='ltr'><strong>Unde</strong></span> <span class='ocrx_word' id='word_1_70' title='bbox 449 2767 577 2856; x_wconf 88' lang='lat' dir='ltr'><strong>prolem</strong></span> <span class='ocrx_word' id='word_1_71' title='bbox 595 2770 614 2806; x_wconf 85' lang='lat'>*</span> <span class='ocrx_word' id='word_1_72' title='bbox 638 2788 731 2836; x_wconf 87' lang='lat' dir='ltr'><strong>nunc</strong></span> <span class='ocrx_word' id='word_1_73' title='bbox 749 2787 885 2837; x_wconf 86' lang='lat' dir='ltr'><strong>sacram</strong></span> <span class='ocrx_word' id='word_1_74' title='bbox 904 2775 1078 2856; x_wconf 87' lang='lat' dir='ltr'><strong>parerent.</strong></span> 
     </span>
    </p>
   </div>
   <div class='ocr_carea' id='block_1_9' title="bbox 291 2911 861 3116">
    <p class='ocr_par' dir='ltr' id='par_1_9' title="bbox 291 2911 861 3116">
     <span class='ocr_line' id='line_1_20' title="bbox 291 2911 861 3000; baseline 0.002 -22"><span class='ocrx_word' id='word_1_75' title='bbox 291 2911 325 2978; x_wconf 83' lang='lat'><strong>5.</strong></span> <span class='ocrx_word' id='word_1_76' title='bbox 384 2911 503 2979; x_wconf 90' lang='lat' dir='ltr'><strong>Mundi</strong></span> <span class='ocrx_word' id='word_1_77' title='bbox 522 2931 659 3000; x_wconf 88' lang='lat' dir='ltr'><strong>quoque</strong></span> <span class='ocrx_word' id='word_1_78' title='bbox 671 2911 861 3000; x_wconf 89' lang='lat' dir='ltr'><strong>primordia</strong></span> 
     </span>
     <span class='ocr_line' id='line_1_21' title="bbox 382 3025 836 3116; baseline 0.004 -24"><span class='ocrx_word' id='word_1_79' title='bbox 382 3025 486 3094; x_wconf 87' lang='lat' dir='ltr'><strong>Lucis</strong></span> <span class='ocrx_word' id='word_1_80' title='bbox 505 3034 694 3094; x_wconf 86' lang='lat' dir='ltr'><strong>venustans</strong></span> <span class='ocrx_word' id='word_1_81' title='bbox 712 3027 836 3116; x_wconf 84' lang='lat' dir='ltr'><strong>gratia,</strong></span> 
     </span>
    </p>
   </div>
   <div class='ocr_carea' id='block_1_10' title="bbox 333 3140 1001 3323">
    <p class='ocr_par' dir='ltr' id='par_1_10' title="bbox 333 3140 1001 3323">
     <span class='ocr_line' id='line_1_22' title="bbox 333 3140 1001 3227; baseline 0 -19"><span class='ocrx_word' id='word_1_82' title='bbox 333 3141 426 3208; x_wconf 85' lang='lat' dir='ltr'><strong>Dixit</strong></span> <span class='ocrx_word' id='word_1_83' title='bbox 440 3140 556 3209; x_wconf 90' lang='lat' dir='ltr'><strong>Deus:</strong></span> <span class='ocrx_word' id='word_1_84' title='bbox 579 3147 595 3182; x_wconf 85' lang='grc'><em>*</em></span> <span class='ocrx_word' id='word_1_85' title='bbox 613 3141 666 3210; x_wconf 89' lang='lat' dir='ltr'><strong>Sit</strong></span> <span class='ocrx_word' id='word_1_86' title='bbox 687 3141 758 3226; x_wconf 83' lang='lat' dir='ltr'><strong>lux,</strong></span> <span class='ocrx_word' id='word_1_87' title='bbox 779 3148 815 3209; x_wconf 93' lang='lat' dir='ltr'><strong>et</strong></span> <span class='ocrx_word' id='word_1_88' title='bbox 831 3141 920 3209; x_wconf 87' lang='lat' dir='ltr'><strong>sacta</strong></span> <span class='ocrx_word' id='word_1_89' title='bbox 936 3148 1001 3227; x_wconf 88' lang='lat' dir='ltr'><strong>est,</strong></span> 
     </span>
     <span class='ocr_line' id='line_1_23' title="bbox 333 3253 875 3323; baseline 0.004 -3"><span class='ocrx_word' id='word_1_90' title='bbox 333 3257 364 3320; x_wconf 89' lang='lat' dir='ltr'><strong>A</strong></span> <span class='ocrx_word' id='word_1_91' title='bbox 383 3253 538 3321; x_wconf 88' lang='lat' dir='ltr'><strong>tenebris</strong></span> <span class='ocrx_word' id='word_1_92' title='bbox 556 3253 665 3321; x_wconf 79' lang='lat' dir='ltr'><strong>*inde</strong></span> <span class='ocrx_word' id='word_1_93' title='bbox 685 3253 796 3322; x_wconf 89' lang='lat' dir='ltr'><strong>divisa</strong></span> <span class='ocrx_word' id='word_1_94' title='bbox 811 3262 875 3323; x_wconf 86' lang='lat' dir='ltr'><strong>est.</strong></span> 
     </span>
    </p>
   </div>
   <div class='ocr_carea' id='block_1_11' title="bbox 287 3394 1164 3832">
    <p class='ocr_par' dir='ltr' id='par_1_11' title="bbox 287 3394 1164 3832">
     <span class='ocr_line' id='line_1_24' title="bbox 287 3394 803 3484; baseline -0.004 -20"><span class='ocrx_word' id='word_1_95' title='bbox 287 3396 321 3464; x_wconf 81' lang='lat' dir='ltr'><strong>d.</strong></span> <span class='ocrx_word' id='word_1_96' title='bbox 378 3394 433 3464; x_wconf 86' lang='lat' dir='ltr'><strong>Sit</strong></span> <span class='ocrx_word' id='word_1_97' title='bbox 447 3413 573 3482; x_wconf 90' lang='lat' dir='ltr'><strong>perpes</strong></span> <span class='ocrx_word' id='word_1_98' title='bbox 592 3395 661 3464; x_wconf 90' lang='lat' dir='ltr'><strong>Deo</strong></span> <span class='ocrx_word' id='word_1_99' title='bbox 679 3395 803 3484; x_wconf 82' lang='lat' dir='ltr'><strong>gloria,</strong></span> 
     </span>
     <span class='ocr_line' id='line_1_25' title="bbox 383 3510 991 3600; baseline 0 -24"><span class='ocrx_word' id='word_1_100' title='bbox 383 3510 517 3598; x_wconf 84' lang='lat' dir='ltr'><strong>Exque</strong></span> <span class='ocrx_word' id='word_1_101' title='bbox 536 3517 630 3596; x_wconf 88' lang='lat' dir='ltr'><strong>sunt,</strong></span> <span class='ocrx_word' id='word_1_102' title='bbox 651 3517 847 3600; x_wconf 88' lang='lat' dir='ltr'><strong>quaesunt,</strong></span> <span class='ocrx_word' id='word_1_103' title='bbox 865 3510 991 3592; x_wconf 86' lang='lat' dir='ltr'><strong>omnia,</strong></span> 
     </span>
     <span class='ocr_line' id='line_1_26' title="bbox 336 3624 1164 3715; baseline 0.005 -23"><span class='ocrx_word' id='word_1_104' title='bbox 336 3625 454 3713; x_wconf 86' lang='lat' dir='ltr'><strong>ipsum</strong></span> <span class='ocrx_word' id='word_1_105' title='bbox 468 3634 606 3712; x_wconf 89' lang='lat' dir='ltr'><strong>cuncta,</strong></span> <span class='ocrx_word' id='word_1_106' title='bbox 628 3632 645 3667; x_wconf 87' lang='lat'><strong><em>*</em></strong></span> <span class='ocrx_word' id='word_1_107' title='bbox 662 3646 726 3713; x_wconf 93' lang='lat' dir='ltr'><strong>per</strong></span> <span class='ocrx_word' id='word_1_108' title='bbox 739 3646 842 3715; x_wconf 87' lang='lat' dir='ltr'><strong>quem</strong></span> <span class='ocrx_word' id='word_1_109' title='bbox 854 3632 947 3710; x_wconf 85' lang='lat' dir='ltr'><strong>sunt,</strong></span> <span class='ocrx_word' id='word_1_110' title='bbox 965 3624 1164 3712; x_wconf 89' lang='lat' dir='ltr'><strong>praedicent</strong></span> 
     </span>
     <span class='ocr_line' id='line_1_27' title="bbox 337 3739 1045 3832; baseline 0 -22"><span class='ocrx_word' id='word_1_111' title='bbox 337 3741 405 3832; x_wconf 88' lang='lat' dir='ltr'><strong>lpsi</strong></span> <span class='ocrx_word' id='word_1_112' title='bbox 421 3739 602 3831; x_wconf 84' lang='lat' dir='ltr'><strong>semper‚*</strong></span> <span class='ocrx_word' id='word_1_113' title='bbox 624 3741 661 3810; x_wconf 92' lang='lat' dir='ltr'><strong>in</strong></span> <span class='ocrx_word' id='word_1_114' title='bbox 679 3762 746 3831; x_wconf 89' lang='lat' dir='ltr'><strong>qun</strong></span> <span class='ocrx_word' id='word_1_115' title='bbox 771 3750 865 3829; x_wconf 88' lang='lat' dir='ltr'><strong>sunt,</strong></span> <span class='ocrx_word' id='word_1_116' title='bbox 883 3741 1045 3830; x_wconf 87' lang='lat' dir='ltr'><strong>jubilent.</strong></span> 
     </span>
    </p>
   </div>
   <div class='ocr_carea' id='block_1_12' title="bbox 0 0 1500 5048">
    <p class='ocr_par' dir='ltr' id='par_1_12' title="bbox 0 0 1500 5048">
     <span class='ocr_line' id='line_1_28' title="bbox 0 0 1500 5048; baseline 0 0"><span class='ocrx_word' id='word_1_117' title='bbox 0 0 1500 5048; x_wconf 95' lang='lat' dir='ltr'><strong> </strong></span> 
     </span>
    </p>
   </div>
  </div>
 </body>
</html>
