2992 5048
708 429 850 485 -73-

245 565 314 609 eece
341 548 424 608 Beda
441 547 520 605 libro
536 550 559 605 l.
576 552 719 608 Hexaem.
745 568 752 606 ε
779 569 792 604 ι
816 555 899 610 Bona
926 551 1058 622 singula,
1072 551 1164 610 valde
1190 553 1308 612 bonum

244 651 343 706 totum
353 667 381 702 ».
390 675 427 686 -
439 647 468 716 2,
484 648 511 703 l.
528 664 542 699 c
558 649 717 706 senarium
730 663 893 707 numerum
907 652 1026 706 constat
1039 662 1109 706 esse
1122 650 1307 723 perfectum,

245 746 319 818 quia
332 745 452 817 primus
466 743 531 801 suis
552 746 692 816 partibus
708 749 860 819 expletur,
874 750 960 804 sexta
984 746 1137 819 videlicet,
1163 749 1245 819 quod
1260 752 1308 806 est

244 855 353 912 unum,
367 845 399 899 et
417 842 524 911 tertia,
541 856 620 913 quae
645 848 717 900 sunt
732 845 804 915 duo,
834 848 865 902 et
887 844 1020 911 dimidia,
1048 848 1213 915 quaesunt
1237 846 1307 902 tria.

245 943 349 1000 Unum
360 939 443 996 enirn
455 942 486 995 et
500 939 560 996 duo
574 943 605 997 et
617 941 678 997 tria
691 941 811 999 faciunt
825 957 888 1012 sex,
905 943 998 1014 quale
1011 942 1043 998 in
1057 942 1237 999 monadibus
1252 957 1312 1000 nu-

246 1037 341 1092 meris
357 1049 513 1106 nunquam
527 1039 650 1106 praeter
673 1037 723 1094 bic
738 1039 891 1106 invenies,
907 1039 962 1095 sed
975 1052 1075 1109 neque
1098 1037 1131 1094 in
1144 1037 1312 1096 decadibus-

244 1135 369 1204 praeter
378 1132 559 1188 vicesimum
572 1119 603 1189 et
618 1137 760 1191 octavum
776 1150 949 1192 numerum.
961 1136 1018 1191 ilex
1034 1148 1107 1204 ergo
1120 1133 1228 1191 diebus
1237 1149 1312 1206 per·

246 1229 320 1287 t'eoit
342 1231 423 1286 Deus
448 1243 573 1286 omnem
598 1236 741 1288 ornatum
765 1234 837 1290 coeli
865 1236 896 1289 et
909 1236 1022 1303 terrae,
1036 1235 1071 1288 ut
1097 1231 1151 1302 qui
1165 1227 1311 1290 omniain

247 1344 393 1388 mensura
407 1333 437 1386 et
452 1344 581 1388 numero
596 1334 628 1387 et
637 1332 959 1404 pondere-constituit,
975 1331 1042 1403 ipso
1056 1331 1148 1388 etiam
1170 1343 1309 1401 numero,

246 1429 279 1484 in
294 1442 355 1500 quo
376 1430 567 1499 operaretur,
585 1443 642 1487 sua
670 1444 766 1501 opera
778 1430 901 1488 doceret
928 1443 1002 1486 csse
1023 1427 1160 1499 perlecta
1174 1447 1201 1483 o.
1217 1431 1314 1498 Haec,

247 1540 339 1597 quem
352 1529 475 1582 secutus
488 1530 536 1583 est
547 1526 748 1595 Abaelardus,
758 1527 840 1585 Beda
854 1528 932 1599 ipso,
945 1525 1132 1598 quommodo
1142 1525 1310 1598 innuimus,

246 1624 335 1690 loco;
352 1623 407 1680 secl
416 1627 447 1679 et
461 1624 529 1694 ipse
543 1623 625 1680 Beda
639 1624 802 1694 exscripsit
812 1624 1028 1694 augustinum,
1045 1623 1097 1694 qui
1111 1622 1190 1679 libro
1204 1624 1248 1680 lV‘
1270 1622 1309 1680 de

247 1721 359 1777 Genesi
373 1720 412 1777 ad
426 1722 550 1777 literam
565 1735 626 1791 per
644 1721 800 1790 integrum
818 1724 909 1793 caput
923 1725 1042 1778 sextum
1061 1723 1144 1776 totus
1159 1723 1207 1776 est
1219 1719 1253 1775 in
1267 1732 1318 1774 se«

247 1818 327 1874 narii
341 1819 462 1875 numeri
489 1818 647 1875 laudibus.
664 1819 741 1883 -3,
758 1819 783 1875 1.
801 1836 814 1871 ‹
838 1822 906 1876 Non
923 1819 1011 1890 quasi
1026 1819 1128 1874 lassus
1154 1831 1190 1873 ex
1219 1816 1318 1872 nimio·

248 1915 356 1972 labore
365 1918 447 1972 Deus
458 1916 557 1972 instar
566 1917 718 1972 humanae
729 1915 903 1985 tragilitatis
918 1917 1069 1987 completa
1079 1913 1186 1971 mimdi
1198 1913 1315 1970 fabrica

252 2011 418 2082 requievit,
435 2011 490 2069 sed
502 2012 695 2083 requievisse
710 2012 747 2068 ab
761 2011 909 2070 universo
926 2027 981 2070 suo
991 2025 1088 2083 opere
1098 2011 1220 2081 dicitur,
1241 2010 1315 2081 quia

251 2122 365 2166 noram
380 2112 552 2165 creaturam
580 2111 662 2166 ultra
686 2109 847 2166 instituere
874 2111 1008 2181 aliquam
1035 2108 1168 2165 cessavit
1181 2125 1205 2163 a.
1233 2107 1314 2164 Beda

251 2205 273 2260 l.
289 2221 315 2260 c.
332 2207 374 2260 De
390 2220 452 2276 qua
463 2219 497 2261 re
508 2205 608 2262 fusius
624 2205 827 2274 Augustinus,
840 2209 883 2263 De
909 2205 1020 2262 Genesi
1037 2204 1074 2262 ad
1089 2205 1135 2260 lit.
1151 2204 1173 2260 l.
1189 2205 1241 2272 lv,
1258 2204 1315 2259 c.8

251 2316 318 2373 sqq.
332 2333 370 2343 -
382 2302 410 2370 3,
426 2303 453 2358 3.
472 2302 557 2358 idem
584 2301 664 2359 Beda
681 2319 688 2357 :
704 2319 717 2354 ι
735 2304 814 2359 bens
836 2307 937 2359 autem
964 2303 1105 2374 quiante
1129 2300 1314 2357 creationem

251 2399 358 2456 mundi
377 2399 574 2456 aeternaliter
587 2400 619 2455 in
635 2400 736 2470 seipso
751 2399 918 2470 perlectam
933 2399 1062 2457 habebat
1072 2399 1222 2470 requiem,
1248 2397 1316 2468 ipse

251 2497 343 2553 etiam
356 2501 458 2553 creato
471 2497 585 2554 mundo
598 2511 660 2554 non
675 2498 707 2553 in
721 2498 876 2568 operibus,
902 2513 981 2569 quae
995 2498 1075 2566 iecit,
1093 2496 1148 2554 sed
1161 2495 1197 2552 ab
1217 2496 1319 2551 omni·

250 2591 319 2660 bus,
333 2607 414 2663 quae
425 2578 508 2662 facit,
525 2594 670 2665 operibus
685 2595 850 2666 requievit,
874 2599 981 2666 utpote
995 2595 1072 2651 nihil
1083 2595 1198 2651 habens
1211 2607 1316 2649 secum

253 2683 446 2747 necessitatis
459 2691 492 2747 in
505 2691 655 2748 creaturis
675 2692 872 2763 requiescere
886 2693 962 2759 suis,
978 2693 1052 2764 quin
1077 2691 1181 2763 potius
1197 2692 1320 2745 oreatu-

251 2787 296 2842 ris
310 2785 543 2843 rationabilibus
572 2789 643 2859 ipse
666 2789 805 2860 requiem
832 2793 1003 2860 praestans,
1033 2804 1102 2846 cum
1126 2789 1159 2844 in
1185 2802 1219 2843 se
1247 2786 1320 2856 ipso·

253 2882 391 2953 perfecte
415 2896 536 2955 semper
548 2886 723 2956 requiescat
748 2899 846 2957 coque
860 2886 940 2943 bono
955 2886 1061 2943 beatus
1086 2886 1136 2950 sit,
1154 2882 1236 2955 quod
1250 2882 1321 2953 ipse·

255 2975 314 3033 sibi
345 2980 393 3033 cst
409 2995 433 3031 r.
448 3009 485 3018 -
512 2979 539 3044 l,
555 2979 582 3034 3.
599 2997 612 3032 ‹
631 2980 747 3036 idcirco
761 2980 915 3037 benedixit
942 2982 1086 3038 Dominus
1115 2980 1196 3037 diem
1224 2976 1321 3046 septi·

254 3085 339 3129 mum
348 3076 380 3128 et
394 3073 596 3130 sanctificavit
607 3088 686 3131 eum.
702 3077 784 3141 Quae
794 3076 929 3145 profecto
944 3077 1115 3133 benedictio
1135 3078 1166 3131 et
1181 3070 1317 3130 sanctifi-

254 3167 410 3224 catio-dici
425 3168 548 3239 septimi
562 3169 594 3225 in
608 3172 715 3240 typum
743 3169 870 3240 majoris
888 3171 1110 3229 benedictionis
1125 3185 1161 3227 ac
1185 3165 1317 3225 sanctiti-

254 3264 383 3322 cationis
398 3267 478 3322 facta
497 3269 554 3322 est.
580 3270 658 3324 Nam
672 3267 751 3323 sicut
764 3282 820 3337 per
834 3267 955 3325 crebras
971 3269 1062 3324 immo
1077 3266 1269 3339 quotidianas
1285 3277 1317 3317 rn

253 3361 324 3431 lege
337 3362 477 3418 victimas
493 3363 619 3432 sanguis
637 3362 807 3420 dominicae
819 3364 982 3435 passionis,
999 3365 1052 3436 qui
1066 3364 1165 3422 semel.
1184 3364 1251 3418 erat
1260 3374 1320 3431 pro

254 3458 355 3515 salute
368 3460 475 3517 mundi
488 3460 703 3525 effundendus,
719 3460 895 3529 signabatur
912 3479 918 3516 :
934 3462 978 3518 ita
992 3463 1083 3519 etiam
1094 3475 1151 3533 per
1178 3458 1319 3530 requiem

256 3554 317 3611 diei
343 3556 477 3627 septimi,
493 3572 572 3628 quae
597 3561 669 3628 post
695 3571 789 3627 opera
803 3538 855 3613 sex
876 3559 995 3615 dierum
1018 3572 1142 3631 semper
1169 3554 1319 3612 celebrari

256 3653 384 3724 solebat,
395 3653 661 3725 praefigurabatur
676 3669 807 3724 magnus
822 3655 886 3712 dies
900 3657 955 3713 ille
964 3656 1094 3725 sabbati,
1103 3656 1136 3711 in
1148 3668 1208 3726 quo
1218 3651 1323 3709 Domi*

257 3763 316 3806 nus
330 3752 427 3807 semel
452 3752 485 3807 in
501 3752 664 3824 sepulchro
693 3754 759 3808 erat
773 3752 979 3824 requieturus,
1010 3752 1169 3824 completis
1200 3764 1234 3807 ac
1248 3745 1323 3820 per·

257 3847 345 3905 fectis
357 3848 391 3904 in
420 3850 470 3907 die
486 3854 571 3907 sexto
594 3849 735 3906 omnibus
751 3849 893 3920 operibus
923 3851 998 3922 suis,
1019 3851 1129 3923 quibus
1158 3846 1317 3913 mundum,

259 3960 351 4016 quem
371 3947 473 4006 indie
493 3952 578 4006 sexto
604 3946 784 4019 perfecerat,
807 3947 872 4018 jam
897 3949 1052 4020 perditum
1078 3943 1317 4005 restaurabat...

257 4043 316 4101 Sed
325 4045 440 4102 ethaeo
455 4044 653 4102 sanctificatio
669 4048 700 4101 et
711 4045 881 4103 benedictio
893 4048 1014 4118 septimi
1029 4047 1089 4104 diei
1103 4048 1135 4104 et
1147 4042 1271 4114 requies
1286 4040 1320 4096 in

258 4137 316 4197 illa
328 4142 382 4198 Dei
406 4146 478 4213 post
492 4157 587 4214 opera
609 4158 666 4200 sua
679 4143 771 4200 valde
784 4145 865 4202 bona
881 4146 1062 4218 designavit,
1089 4146 1171 4218 quod
1185 4154 1241 4199 nos
1257 4141 1324 4197 sin-

260 4238 324 4305 guli
337 4243 409 4310 post
422 4255 517 4313 opera
529 4241 619 4313 bona,
632 4255 711 4312 quae
727 4240 762 4297 in
777 4242 865 4300 nobis
880 4245 946 4315 ipse
960 4248 1116 4316 operatur,
1131 4245 1163 4299 et
1189 4229 1272 4296 vel'le
1285 4234 1316 4293 et
