2992 5048
683 805 753 858 Post
769 804 929 871 prandlum.

285 973 315 1039 l.
373 973 476 1057 DeuS,
496 972 556 1062 qui
576 992 719 1063 conpore
737 974 753 1011 *
771 994 871 1044 crees
889 980 924 1044 et
942 972 1075 1042 enimus

289 1155 296 1175 ,
372 1095 412 1163 El
430 1094 517 1163 cibis
536 1094 686 1186 propriis
703 1094 882 1185 *utraque
897 1115 1048 1180 recrees,

365 1209 442 1277 Tibi
462 1214 533 1278 lam
548 1229 694 1298 corpure
711 1209 728 1246 *
748 1210 897 1298 psallant
915 1230 1021 1299 quum
1041 1208 1189 1290 animae,

372 1325 457 1402 Esse
479 1325 540 1412 qui
558 1301 686 1393 tribuis
700 1334 717 1371 *
730 1325 799 1395 illis
815 1332 848 1394 et
864 1325 997 1394 vivens.

281 1467 314 1531 ’2.
368 1467 524 1555 Ignosce,
541 1465 698 1553 Domine,
714 1470 731 1507 *
748 1467 878 1537 nostris
897 1461 1107 1552 excessibus,

367 1582 404 1650 Si
425 1583 627 1671 plusquam
648 1583 793 1653 decuit*
811 1582 914 1672 gulae
934 1583 1154 1668 indulsimus,

366 1698 451 1779 lino,
473 1696 641 1785 piissime,
662 1697 773 1785 *quia
787 1699 837 1766 sic
850 1697 1005 1782 fecimus,

368 1811 453 1914 Tum
473 1812 660 1900 hecquem
677 1819 790 1881 cetera
809 1821 825 1857 *
843 1810 997 1880 condona
1011 1832 1235 1904 quaesumus.

279 1950 310 2014 3.
369 1947 442 2018 H'cc
458 1950 561 2040 primi
579 1950 662 2019 vilio
680 1957 696 1993 *
711 1958 871 2040 parentes
890 1950 1047 2020 exsulant

368 2066 412 2134 Et
427 2066 560 2136 crebris
574 2074 731 2158 posteros
749 2072 765 2108 *
783 2067 959 2135 aerumnis
976 2066 1165 2156 implicant,

367 2181 440 2248 Huc
457 2180 665 2249 naturaliter
682 2189 698 2225 *
717 2188 768 2249 est
782 2181 851 2249 illis
869 2182 1013 2249 insitum

363 2295 405 2363 Et
423 2295 523 2383 quusi
544 2296 624 2364 liliis
641 2304 658 2341 *
673 2295 953 2365 haereditarium.

274 2435 306 2501 l.
360 2435 622 2505 Immcdenution
640 2444 656 2480 *
671 2445 705 2506 ct
724 2439 814 2506 inter
833 2439 952 2527 epulus

363 2550 400 2618 Si
419 2551 502 2639 quid
522 2550 694 2621 addiderit
711 2558 734 2595 *·
746 2551 866 2641 culpae
883 2551 1085 2642 loquacitnS,

364 2663 401 2730 ld
419 2683 562 2753 quoque
579 2672 678 2754 tuum
699 2673 752 2734 est
769 2673 785 2709 ²*
804 2667 873 2735 tuis
891 2667 1082 2755 ignoscere,

368 2779 432 2856 Qui
451 2779 550 2847 nobis
569 2781 753 2869 spatium*
773 2800 932 2849 reservas
950 2781 1087 2850 veniae.

277 2918 309 2987 5.
364 2920 475 2988 Tuum
494 2927 546 2989 est
565 2922 744 3011 gratiam*
762 2922 846 3002 dunc
861 2922 1088 3012 supplicibus,

367 3034 412 3101 Ut
427 3034 496 3103 sibi
515 3041 709 3126 temperent
725 3034 741 3069 *
757 3035 802 3104 ab
822 3037 876 3104 his
891 3045 926 3104 et
945 3036 1085 3119 talibuS,

365 3149 478 3216 Tuum
495 3154 547 3216 est
560 3149 752 3218 omnibus*
769 3150 909 3218 modum
922 3151 1115 3238 praefigere

364 3262 479 3350 Atque
499 3261 723 3350 praecipitem
740 3263 756 3299 *
775 3271 936 3332 naturam
954 3282 1089 3351 regere.

276 3403 310 3470 ὓ.
366 3402 677 3492 Peregrinentibus
697 3404 1003 3473 *nohisviuticum
1107 3430 1111 3439 ·

364 3516 415 3582 Da
434 3517 682 3603 necessarium,
702 3517 813 3587 *tolle
832 3520 1058 3610 superfluum,

362 3629 489 3720 Sisque
508 3652 570 3700 nos
589 3635 742 3702 oneret*
766 3634 941 3723 suppellex
960 3617 1119 3716 modica,

364 3744 415 3813 Ne
434 3745 535 3814 tarde
550 3747 706 3838 profugis
722 3749 915 3818 *occurrat
928 3748 1051 3838 patria.

273 3890 304 3956 7.
363 3887 451 3965 Quid
471 3889 506 3957 in
522 3891 654 3976 exsilic,
676 3897 693 3932 *
708 3893 848 3980 quaeris
865 3892 1016 3976 delicias,

361 4005 449 4074 Cum
469 4006 584 4076 nudus
604 4016 702 4076 utero
720 4012 736 4048 *
752 4007 890 4076 tandem
905 4008 985 4076 hinc
1004 4001 1122 4085 exeas,¹

361 4119 552 4211 Nudueque
572 4104 1020 4213 naufragummaerentem
1040 4120 1178 4190 tabulae

363 4235 488 4305 Cautes
504 4237 704 4327 excipiant*
719 4259 840 4309 saxoso
854 4239 966 4308 litore.
