<?xml version="1.0" encoding="UTF-8"?>
<!DOCTYPE html PUBLIC "-//W3C//DTD XHTML 1.0 Transitional//EN"
    "http://www.w3.org/TR/xhtml1/DTD/xhtml1-transitional.dtd">
<html xmlns="http://www.w3.org/1999/xhtml" xml:lang="en" lang="en">
 <head>
  <title>
</title>
<meta http-equiv="Content-Type" content="text/html;charset=utf-8" />
  <meta name='ocr-system' content='tesseract 3.04.00' />
  <meta name='ocr-capabilities' content='ocr_page ocr_carea ocr_par ocr_line ocrx_word'/>
</head>
<body>
  <div class='ocr_page' id='page_1' title='image "./petriabaelardip00abelgoog_0187.png"; bbox 0 0 2992 5048; ppageno 0'>
   <div class='ocr_carea' id='block_1_1' title="bbox 664 383 826 440">
    <p class='ocr_par' dir='ltr' id='par_1_1' title="bbox 664 383 826 440">
     <span class='ocr_line' id='line_1_1' title="bbox 664 383 826 440; baseline 0 0"><span class='ocrx_word' id='word_1_1' title='bbox 664 383 826 440; x_wconf 81' lang='lat'>-172-</span> 
     </span>
    </p>
   </div>
   <div class='ocr_carea' id='block_1_2' title="bbox 212 499 1287 2408">
    <p class='ocr_par' dir='ltr' id='par_1_2' title="bbox 212 499 1287 2408">
     <span class='ocr_line' id='line_1_2' title="bbox 217 499 1286 572; baseline 0.001 -13"><span class='ocrx_word' id='word_1_2' title='bbox 217 515 302 559; x_wconf 86' lang='lat' dir='ltr'><strong>aram</strong></span> <span class='ocrx_word' id='word_1_3' title='bbox 315 502 452 560; x_wconf 87' lang='lat' dir='ltr'><strong>ascendit</strong></span> <span class='ocrx_word' id='word_1_4' title='bbox 464 505 496 560; x_wconf 89' lang='lat' dir='ltr'><strong>et</strong></span> <span class='ocrx_word' id='word_1_5' title='bbox 521 503 768 562; x_wconf 75' lang='lat' dir='ltr'><strong>circumvolvens</strong></span> <span class='ocrx_word' id='word_1_6' title='bbox 786 504 870 562; x_wconf 88' lang='lat' dir='ltr'><strong>sede</strong></span> <span class='ocrx_word' id='word_1_7' title='bbox 895 499 1082 560; x_wconf 78' lang='lat' dir='ltr'><strong>aromatibus</strong></span> <span class='ocrx_word' id='word_1_8' title='bbox 1105 501 1209 572; x_wconf 77' lang='lat' dir='ltr'><strong>Ignem</strong></span> <span class='ocrx_word' id='word_1_9' title='bbox 1223 503 1286 560; x_wconf 88' lang='lat' dir='ltr'><strong>sibi</strong></span> 
     </span>
     <span class='ocr_line' id='line_1_3' title="bbox 218 597 1282 671; baseline 0.003 -16"><span class='ocrx_word' id='word_1_10' title='bbox 218 599 287 671; x_wconf 89' lang='lat' dir='ltr'><strong>ipsc</strong></span> <span class='ocrx_word' id='word_1_11' title='bbox 302 599 436 657; x_wconf 82' lang='lat' dir='ltr'>incendit</span> <span class='ocrx_word' id='word_1_12' title='bbox 449 602 480 656; x_wconf 92' lang='lat' dir='ltr'><strong>et</strong></span> <span class='ocrx_word' id='word_1_13' title='bbox 494 600 597 671; x_wconf 91' lang='lat' dir='ltr'><strong>ipsum</strong></span> <span class='ocrx_word' id='word_1_14' title='bbox 609 601 718 658; x_wconf 83' lang='lat' dir='ltr'><strong>cxant.</strong></span> <span class='ocrx_word' id='word_1_15' title='bbox 735 601 804 657; x_wconf 87' lang='lat' dir='ltr'><strong>Alia</strong></span> <span class='ocrx_word' id='word_1_16' title='bbox 816 602 920 657; x_wconf 90' lang='lat' dir='ltr'><strong>autem</strong></span> <span class='ocrx_word' id='word_1_17' title='bbox 932 597 982 655; x_wconf 88' lang='lat' dir='ltr'><strong>dis</strong></span> <span class='ocrx_word' id='word_1_18' title='bbox 991 597 1121 655; x_wconf 87' lang='lat' dir='ltr'><strong>veniens</strong></span> <span class='ocrx_word' id='word_1_19' title='bbox 1135 601 1282 658; x_wconf 81' lang='lat' dir='ltr'>sacerdos</span> 
     </span>
     <span class='ocr_line' id='line_1_4' title="bbox 222 697 1280 771; baseline 0.005 -21"><span class='ocrx_word' id='word_1_20' title='bbox 222 697 332 755; x_wconf 89' lang='lat' dir='ltr'><strong>videns</strong></span> <span class='ocrx_word' id='word_1_21' title='bbox 346 700 453 754; x_wconf 86' lang='lat' dir='ltr'><strong>exusta</strong></span> <span class='ocrx_word' id='word_1_22' title='bbox 464 697 559 767; x_wconf 80' lang='lat' dir='ltr'><strong>ligna,</strong></span> <span class='ocrx_word' id='word_1_23' title='bbox 584 713 665 770; x_wconf 89' lang='lat' dir='ltr'><strong>quae</strong></span> <span class='ocrx_word' id='word_1_24' title='bbox 681 701 898 771; x_wconf 81' lang='lat' dir='ltr'>composuerat</span> <span class='ocrx_word' id='word_1_25' title='bbox 925 709 1018 766; x_wconf 88' lang='lat' dir='ltr'><strong>super</strong></span> <span class='ocrx_word' id='word_1_26' title='bbox 1030 709 1125 764; x_wconf 89' lang='lat' dir='ltr'><strong>aram,</strong></span> <span class='ocrx_word' id='word_1_27' title='bbox 1139 698 1172 754; x_wconf 88' lang='lat' dir='ltr'><strong>et</strong></span> <span class='ocrx_word' id='word_1_28' title='bbox 1192 712 1280 755; x_wconf 79' lang='lat' dir='ltr'><strong>scru-</strong></span> 
     </span>
     <span class='ocr_line' id='line_1_5' title="bbox 220 792 1286 866; baseline -0.003 -11"><span class='ocrx_word' id='word_1_29' title='bbox 220 801 291 855; x_wconf 91' lang='lat' dir='ltr'><strong>tans</strong></span> <span class='ocrx_word' id='word_1_30' title='bbox 306 795 469 866; x_wconf 82' lang='lat' dir='ltr'><strong>diligenter</strong></span> <span class='ocrx_word' id='word_1_31' title='bbox 489 795 609 853; x_wconf 88' lang='lat' dir='ltr'><strong>invenit</strong></span> <span class='ocrx_word' id='word_1_32' title='bbox 628 796 672 854; x_wconf 94' lang='lat' dir='ltr'><strong>ibi</strong></span> <span class='ocrx_word' id='word_1_33' title='bbox 698 797 905 855; x_wconf 82' lang='lat' dir='ltr'><strong>vermiculum</strong></span> <span class='ocrx_word' id='word_1_34' title='bbox 919 792 1072 851; x_wconf 82' lang='lat' dir='ltr'><strong>modIcum</strong></span> <span class='ocrx_word' id='word_1_35' title='bbox 1096 795 1286 853; x_wconf 89' lang='lat' dir='ltr'><strong>suavissimo</strong></span> 
     </span>
     <span class='ocr_line' id='line_1_6' title="bbox 221 891 1287 963; baseline -0.002 -10"><span class='ocrx_word' id='word_1_36' title='bbox 221 895 315 953; x_wconf 87' lang='lat' dir='ltr'><strong>odore</strong></span> <span class='ocrx_word' id='word_1_37' title='bbox 328 893 514 963; x_wconf 77' lang='lat' dir='ltr'><strong>fragrantem</strong></span> <span class='ocrx_word' id='word_1_38' title='bbox 530 911 538 961; x_wconf 91' lang='lat'>;</span> <span class='ocrx_word' id='word_1_39' title='bbox 560 897 591 950; x_wconf 89' lang='lat' dir='ltr'><strong>et</strong></span> <span class='ocrx_word' id='word_1_40' title='bbox 606 894 744 952; x_wconf 91' lang='lat' dir='ltr'><strong>secundo</strong></span> <span class='ocrx_word' id='word_1_41' title='bbox 766 908 843 951; x_wconf 90' lang='lat' dir='ltr'><strong>vero</strong></span> <span class='ocrx_word' id='word_1_42' title='bbox 865 893 916 950; x_wconf 90' lang='lat' dir='ltr'><strong>die</strong></span> <span class='ocrx_word' id='word_1_43' title='bbox 934 892 1064 949; x_wconf 91' lang='lat' dir='ltr'><strong>veniens</strong></span> <span class='ocrx_word' id='word_1_44' title='bbox 1082 892 1204 949; x_wconf 84' lang='lat' dir='ltr'><strong>invenit</strong></span> <span class='ocrx_word' id='word_1_45' title='bbox 1218 891 1287 963; x_wconf 86' lang='lat' dir='ltr'><strong>jam</strong></span> 
     </span>
     <span class='ocr_line' id='line_1_7' title="bbox 222 988 1287 1059; baseline -0.002 -12"><span class='ocrx_word' id='word_1_46' title='bbox 222 990 373 1047; x_wconf 90' lang='lat' dir='ltr'><strong>aviculam</strong></span> <span class='ocrx_word' id='word_1_47' title='bbox 386 989 561 1059; x_wconf 79' lang='lat' dir='ltr'><strong>figuratam.</strong></span> <span class='ocrx_word' id='word_1_48' title='bbox 575 993 711 1048; x_wconf 86' lang='lat' dir='ltr'><strong>Rursum</strong></span> <span class='ocrx_word' id='word_1_49' title='bbox 728 991 821 1048; x_wconf 89' lang='lat' dir='ltr'><strong>tertia</strong></span> <span class='ocrx_word' id='word_1_50' title='bbox 835 990 886 1047; x_wconf 88' lang='lat' dir='ltr'><strong>die</strong></span> <span class='ocrx_word' id='word_1_51' title='bbox 897 989 1027 1046; x_wconf 89' lang='lat' dir='ltr'><strong>veniens</strong></span> <span class='ocrx_word' id='word_1_52' title='bbox 1041 988 1185 1046; x_wconf 88' lang='lat' dir='ltr'><strong>sacerdos</strong></span> <span class='ocrx_word' id='word_1_53' title='bbox 1199 989 1287 1046; x_wconf 90' lang='lat' dir='ltr'><strong>inve·</strong></span> 
     </span>
     <span class='ocr_line' id='line_1_8' title="bbox 221 1084 1284 1160; baseline -0.001 -17"><span class='ocrx_word' id='word_1_54' title='bbox 221 1087 346 1143; x_wconf 91' lang='lat' dir='ltr'><strong>niteam</strong></span> <span class='ocrx_word' id='word_1_55' title='bbox 360 1089 441 1143; x_wconf 91' lang='lat' dir='ltr'><strong>statu</strong></span> <span class='ocrx_word' id='word_1_56' title='bbox 452 1100 508 1142; x_wconf 90' lang='lat' dir='ltr'><strong>suo</strong></span> <span class='ocrx_word' id='word_1_57' title='bbox 522 1086 674 1156; x_wconf 80' lang='lat' dir='ltr'><strong>integram</strong></span> <span class='ocrx_word' id='word_1_58' title='bbox 688 1091 782 1160; x_wconf 85' lang='lat' dir='ltr'><strong>atque</strong></span> <span class='ocrx_word' id='word_1_59' title='bbox 795 1085 965 1159; x_wconf 83' lang='lat' dir='ltr'><strong>perlectam</strong></span> <span class='ocrx_word' id='word_1_60' title='bbox 978 1098 1102 1142; x_wconf 88' lang='lat' dir='ltr'><strong>soneam</strong></span> <span class='ocrx_word' id='word_1_61' title='bbox 1113 1084 1183 1156; x_wconf 87' lang='lat' dir='ltr'><strong>[sic]</strong></span> <span class='ocrx_word' id='word_1_62' title='bbox 1197 1086 1284 1142; x_wconf 90' lang='lat' dir='ltr'><strong>vale-</strong></span> 
     </span>
     <span class='ocr_line' id='line_1_9' title="bbox 219 1182 1282 1257; baseline -0.002 -16"><span class='ocrx_word' id='word_1_63' title='bbox 219 1182 381 1241; x_wconf 84' lang='lat' dir='ltr'><strong>facientem</strong></span> <span class='ocrx_word' id='word_1_64' title='bbox 405 1183 556 1241; x_wconf 87' lang='lat' dir='ltr'><strong>sacerdoti</strong></span> <span class='ocrx_word' id='word_1_65' title='bbox 580 1188 612 1241; x_wconf 91' lang='lat' dir='ltr'><strong>et</strong></span> <span class='ocrx_word' id='word_1_66' title='bbox 640 1186 727 1242; x_wconf 89' lang='lat' dir='ltr'><strong>volat</strong></span> <span class='ocrx_word' id='word_1_67' title='bbox 749 1188 781 1242; x_wconf 88' lang='lat' dir='ltr'><strong>et</strong></span> <span class='ocrx_word' id='word_1_68' title='bbox 805 1185 908 1257; x_wconf 80' lang='lat' dir='ltr'><strong>pergit</strong></span> <span class='ocrx_word' id='word_1_69' title='bbox 936 1182 974 1240; x_wconf 91' lang='lat' dir='ltr'><strong>ad</strong></span> <span class='ocrx_word' id='word_1_70' title='bbox 988 1183 1090 1240; x_wconf 88' lang='lat' dir='ltr'><strong>Iocum</strong></span> <span class='ocrx_word' id='word_1_71' title='bbox 1113 1183 1282 1254; x_wconf 85' lang='lat' dir='ltr'><strong>pristinum</strong></span> 
     </span>
     <span class='ocr_line' id='line_1_10' title="bbox 221 1279 1284 1353; baseline -0.002 -14"><span class='ocrx_word' id='word_1_72' title='bbox 221 1296 321 1350; x_wconf 90' lang='lat' dir='ltr'><strong>suum,</strong></span> <span class='ocrx_word' id='word_1_73' title='bbox 335 1285 390 1339; x_wconf 82' lang='lat' dir='ltr'><strong>etc.</strong></span> <span class='ocrx_word' id='word_1_74' title='bbox 406 1302 433 1336; x_wconf 77' lang='lat' dir='ltr'><strong>n.</strong></span> <span class='ocrx_word' id='word_1_75' title='bbox 447 1281 554 1339; x_wconf 79' lang='lat' dir='ltr'><strong>cahier</strong></span> <span class='ocrx_word' id='word_1_76' title='bbox 562 1285 593 1338; x_wconf 92' lang='lat' dir='ltr'><strong>et</strong></span> <span class='ocrx_word' id='word_1_77' title='bbox 604 1283 728 1353; x_wconf 86' lang='lat' dir='ltr'><strong>Martin,</strong></span> <span class='ocrx_word' id='word_1_78' title='bbox 738 1280 898 1352; x_wconf 81' lang='lat' dir='ltr'><strong>Melanges</strong></span> <span class='ocrx_word' id='word_1_79' title='bbox 910 1281 948 1352; x_wconf 91' lang='lat' dir='ltr'><strong>ll,</strong></span> <span class='ocrx_word' id='word_1_80' title='bbox 956 1282 1007 1338; x_wconf 81' lang='grc'><strong>183</strong></span> <span class='ocrx_word' id='word_1_81' title='bbox 1016 1295 1061 1351; x_wconf 89' lang='lat' dir='ltr'><strong>sq.</strong></span> <span class='ocrx_word' id='word_1_82' title='bbox 1069 1279 1130 1337; x_wconf 84' lang='lat' dir='ltr'><strong>Gir.</strong></span> <span class='ocrx_word' id='word_1_83' title='bbox 1136 1280 1284 1337; x_wconf 84' lang='lat' dir='ltr'><strong>Vltreanx</strong></span> 
     </span>
     <span class='ocr_line' id='line_1_11' title="bbox 220 1378 1285 1452; baseline -0.003 -15"><span class='ocrx_word' id='word_1_84' title='bbox 220 1379 258 1438; x_wconf 91' lang='lat' dir='ltr'><strong>de</strong></span> <span class='ocrx_word' id='word_1_85' title='bbox 271 1383 417 1450; x_wconf 80' lang='lat' dir='ltr'><strong>bourges,</strong></span> <span class='ocrx_word' id='word_1_86' title='bbox 431 1395 462 1452; x_wconf 89' lang='lat' dir='ltr'><strong>p.</strong></span> <span class='ocrx_word' id='word_1_87' title='bbox 479 1381 541 1450; x_wconf 89' lang='lat'><strong>105,</strong></span> <span class='ocrx_word' id='word_1_88' title='bbox 558 1394 588 1437; x_wconf 93' lang='lat' dir='ltr'><strong>n.</strong></span> <span class='ocrx_word' id='word_1_89' title='bbox 605 1381 651 1438; x_wconf 85' lang='lat'><strong>55.</strong></span> <span class='ocrx_word' id='word_1_90' title='bbox 665 1381 815 1437; x_wconf 83' lang='lat' dir='ltr'><strong>Graecum</strong></span> <span class='ocrx_word' id='word_1_91' title='bbox 828 1382 945 1436; x_wconf 81' lang='lat' dir='ltr'><strong>textum</strong></span> <span class='ocrx_word' id='word_1_92' title='bbox 955 1378 1026 1436; x_wconf 89' lang='lat' dir='ltr'><strong>vide</strong></span> <span class='ocrx_word' id='word_1_93' title='bbox 1040 1378 1121 1450; x_wconf 91' lang='lat' dir='ltr'><strong>apud</strong></span> <span class='ocrx_word' id='word_1_94' title='bbox 1131 1379 1285 1436; x_wconf 85' lang='lat' dir='ltr'><strong>Lanchort</strong></span> 
     </span>
     <span class='ocr_line' id='line_1_12' title="bbox 219 1473 1285 1550; baseline -0.002 -16"><span class='ocrx_word' id='word_1_95' title='bbox 219 1479 241 1534; x_wconf 89' lang='lat' dir='ltr'><strong>l.</strong></span> <span class='ocrx_word' id='word_1_96' title='bbox 254 1479 422 1550; x_wconf 74' lang='lat' dir='ltr'><strong>c.237sq&lt;1.</strong></span> <span class='ocrx_word' id='word_1_97' title='bbox 437 1476 497 1536; x_wconf 85' lang='lat' dir='ltr'><strong>Cir.</strong></span> <span class='ocrx_word' id='word_1_98' title='bbox 506 1482 679 1550; x_wconf 87' lang='lat' dir='ltr'><strong>praeterea,</strong></span> <span class='ocrx_word' id='word_1_99' title='bbox 692 1492 772 1549; x_wconf 87' lang='lat' dir='ltr'><strong>quae</strong></span> <span class='ocrx_word' id='word_1_100' title='bbox 782 1478 976 1548; x_wconf 81' lang='lat' dir='ltr'><strong>Augustinus</strong></span> <span class='ocrx_word' id='word_1_101' title='bbox 987 1476 1036 1548; x_wconf 90' lang='lat' dir='ltr'><strong>(de</strong></span> <span class='ocrx_word' id='word_1_102' title='bbox 1045 1473 1285 1549; x_wconf 85' lang='lat' dir='ltr'><strong>animaejnsque</strong></span> 
     </span>
     <span class='ocr_line' id='line_1_13' title="bbox 220 1570 1282 1646; baseline -0.005 -14"><span class='ocrx_word' id='word_1_103' title='bbox 220 1575 338 1643; x_wconf 82' lang='lat' dir='ltr'><strong>origine</strong></span> <span class='ocrx_word' id='word_1_104' title='bbox 352 1574 405 1632; x_wconf 91' lang='lat' dir='ltr'><strong>lib.</strong></span> <span class='ocrx_word' id='word_1_105' title='bbox 423 1576 449 1631; x_wconf 88' lang='lat' dir='ltr'><strong>l.</strong></span> <span class='ocrx_word' id='word_1_106' title='bbox 467 1588 500 1630; x_wconf 94' lang='lat' dir='ltr'><strong>n.</strong></span> <span class='ocrx_word' id='word_1_107' title='bbox 528 1574 573 1645; x_wconf 88' lang='grc'><strong>33)</strong></span> <span class='ocrx_word' id='word_1_108' title='bbox 587 1575 684 1632; x_wconf 89' lang='lat' dir='ltr'><strong>verba</strong></span> <span class='ocrx_word' id='word_1_109' title='bbox 699 1575 861 1646; x_wconf 77' lang='lat' dir='ltr'><strong>scripserit</strong></span> <span class='ocrx_word' id='word_1_110' title='bbox 877 1590 884 1629; x_wconf 92' lang='lat'><strong>:</strong></span> <span class='ocrx_word' id='word_1_111' title='bbox 906 1591 920 1627; x_wconf 78' lang='lat' dir='ltr'><strong>r</strong></span> <span class='ocrx_word' id='word_1_112' title='bbox 936 1571 1021 1641; x_wconf 90' lang='lat' dir='ltr'><strong>Quod</strong></span> <span class='ocrx_word' id='word_1_113' title='bbox 1035 1572 1119 1629; x_wconf 89' lang='lat' dir='ltr'><strong>enim</strong></span> <span class='ocrx_word' id='word_1_114' title='bbox 1133 1570 1171 1628; x_wconf 89' lang='lat' dir='ltr'><strong>de</strong></span> <span class='ocrx_word' id='word_1_115' title='bbox 1187 1572 1282 1642; x_wconf 91' lang='lat' dir='ltr'><strong>phoe-</strong></span> 
     </span>
     <span class='ocr_line' id='line_1_14' title="bbox 214 1669 1282 1744; baseline -0.004 -16"><span class='ocrx_word' id='word_1_116' title='bbox 214 1671 283 1729; x_wconf 85' lang='lat' dir='ltr'><strong>nice</strong></span> <span class='ocrx_word' id='word_1_117' title='bbox 311 1672 460 1743; x_wconf 87' lang='lat' dir='ltr'><strong>quueris,</strong></span> <span class='ocrx_word' id='word_1_118' title='bbox 477 1671 515 1728; x_wconf 89' lang='lat' dir='ltr'><strong>ad</strong></span> <span class='ocrx_word' id='word_1_119' title='bbox 542 1686 618 1740; x_wconf 85' lang='lat' dir='ltr'><strong>rem,</strong></span> <span class='ocrx_word' id='word_1_120' title='bbox 635 1673 673 1730; x_wconf 88' lang='lat' dir='ltr'><strong>de</strong></span> <span class='ocrx_word' id='word_1_121' title='bbox 687 1687 750 1744; x_wconf 84' lang='lat' dir='ltr'><strong>qua</strong></span> <span class='ocrx_word' id='word_1_122' title='bbox 781 1673 892 1742; x_wconf 78' lang='lat' dir='ltr'><strong>agitur,</strong></span> <span class='ocrx_word' id='word_1_123' title='bbox 910 1669 1033 1735; x_wconf 87' lang='lat' dir='ltr'><strong>omnino</strong></span> <span class='ocrx_word' id='word_1_124' title='bbox 1047 1682 1110 1726; x_wconf 93' lang='lat' dir='ltr'><strong>non</strong></span> <span class='ocrx_word' id='word_1_125' title='bbox 1137 1669 1282 1739; x_wconf 82' lang='lat' dir='ltr'><strong>pertinet.</strong></span> 
     </span>
     <span class='ocr_line' id='line_1_15' title="bbox 212 1768 1283 1842; baseline -0.002 -18"><span class='ocrx_word' id='word_1_126' title='bbox 212 1768 471 1825; x_wconf 78' lang='lat' dir='ltr'><strong>Resurrectionem</strong></span> <span class='ocrx_word' id='word_1_127' title='bbox 494 1770 602 1841; x_wconf 82' lang='lat' dir='ltr'><strong>qnippe</strong></span> <span class='ocrx_word' id='word_1_128' title='bbox 632 1770 684 1826; x_wconf 82' lang='lat' dir='ltr'><strong>Illa</strong></span> <span class='ocrx_word' id='word_1_129' title='bbox 708 1769 868 1842; x_wconf 63' lang='lat' dir='ltr'><strong>,significat</strong></span> <span class='ocrx_word' id='word_1_130' title='bbox 892 1782 1058 1839; x_wconf 87' lang='lat' dir='ltr'><strong>corporum,</strong></span> <span class='ocrx_word' id='word_1_131' title='bbox 1086 1780 1149 1822; x_wconf 91' lang='lat' dir='ltr'><strong>non</strong></span> <span class='ocrx_word' id='word_1_132' title='bbox 1172 1778 1283 1823; x_wconf 60' lang='lat' dir='ltr'><strong>&#39;sexum</strong></span> 
     </span>
     <span class='ocr_line' id='line_1_16' title="bbox 214 1862 1284 1937; baseline -0.007 -14"><span class='ocrx_word' id='word_1_133' title='bbox 214 1865 346 1923; x_wconf 88' lang='lat' dir='ltr'><strong>destruit</strong></span> <span class='ocrx_word' id='word_1_134' title='bbox 360 1866 531 1924; x_wconf 89' lang='lat' dir='ltr'><strong>animarum</strong></span> <span class='ocrx_word' id='word_1_135' title='bbox 548 1884 555 1923; x_wconf 91' lang='lat'>:</span> <span class='ocrx_word' id='word_1_136' title='bbox 573 1868 601 1924; x_wconf 90' lang='lat' dir='ltr'><strong>si</strong></span> <span class='ocrx_word' id='word_1_137' title='bbox 621 1871 737 1937; x_wconf 87' lang='lat' dir='ltr'><strong>tamen,</strong></span> <span class='ocrx_word' id='word_1_138' title='bbox 756 1871 793 1924; x_wconf 92' lang='lat' dir='ltr'><strong>ut</strong></span> <span class='ocrx_word' id='word_1_139' title='bbox 808 1866 956 1936; x_wconf 91' lang='lat' dir='ltr'><strong>creditur,</strong></span> <span class='ocrx_word' id='word_1_140' title='bbox 972 1865 1010 1922; x_wconf 90' lang='lat' dir='ltr'><strong>dc</strong></span> <span class='ocrx_word' id='word_1_141' title='bbox 1033 1866 1132 1921; x_wconf 90' lang='lat' dir='ltr'><strong>morte</strong></span> <span class='ocrx_word' id='word_1_142' title='bbox 1146 1862 1284 1919; x_wconf 56' lang='lat' dir='ltr'><strong>renasci*</strong></span> 
     </span>
     <span class='ocr_line' id='line_1_17' title="bbox 214 1963 1283 2037; baseline -0.001 -19"><span class='ocrx_word' id='word_1_143' title='bbox 214 1965 267 2018; x_wconf 85' lang='lat' dir='ltr'><strong>tur</strong></span> <span class='ocrx_word' id='word_1_144' title='bbox 285 1979 309 2016; x_wconf 79' lang='lat' dir='ltr'><strong>r.</strong></span> <span class='ocrx_word' id='word_1_145' title='bbox 322 1966 366 2020; x_wconf 87' lang='lat' dir='ltr'><strong>De</strong></span> <span class='ocrx_word' id='word_1_146' title='bbox 378 1963 523 2034; x_wconf 82' lang='lat' dir='ltr'><strong>carmine,</strong></span> <span class='ocrx_word' id='word_1_147' title='bbox 541 1965 624 2037; x_wconf 88' lang='lat' dir='ltr'><strong>quod</strong></span> <span class='ocrx_word' id='word_1_148' title='bbox 654 1964 810 2022; x_wconf 85' lang='lat' dir='ltr'><strong>Lactantio</strong></span> <span class='ocrx_word' id='word_1_149' title='bbox 826 1963 984 2034; x_wconf 86' lang='lat' dir='ltr'><strong>tribuitur,</strong></span> <span class='ocrx_word' id='word_1_150' title='bbox 1000 1976 1062 2020; x_wconf 94' lang='lat' dir='ltr'><strong>non</strong></span> <span class='ocrx_word' id='word_1_151' title='bbox 1077 1963 1125 2018; x_wconf 91' lang='lat' dir='ltr'><strong>est</strong></span> <span class='ocrx_word' id='word_1_152' title='bbox 1150 1975 1206 2017; x_wconf 93' lang='lat' dir='ltr'><strong>cur</strong></span> <span class='ocrx_word' id='word_1_153' title='bbox 1219 1975 1283 2017; x_wconf 88' lang='lat' dir='ltr'><strong>rno-</strong></span> 
     </span>
     <span class='ocr_line' id='line_1_18' title="bbox 220 2049 1285 2132; baseline -0.001 -18"><span class='ocrx_word' id='word_1_154' title='bbox 220 2072 311 2117; x_wconf 89' lang='lat' dir='ltr'><strong>ncam</strong></span> <span class='ocrx_word' id='word_1_155' title='bbox 328 2077 336 2128; x_wconf 89' lang='lat'>;</span> <span class='ocrx_word' id='word_1_156' title='bbox 351 2060 389 2118; x_wconf 89' lang='lat' dir='ltr'><strong>de</strong></span> <span class='ocrx_word' id='word_1_157' title='bbox 414 2061 464 2131; x_wconf 90' lang='lat' dir='ltr'><strong>iis,</strong></span> <span class='ocrx_word' id='word_1_158' title='bbox 480 2049 559 2132; x_wconf 84' lang='lat' dir='ltr'><strong>quae</strong></span> <span class='ocrx_word' id='word_1_159' title='bbox 586 2076 710 2119; x_wconf 89' lang='lat' dir='ltr'><strong>carmen</strong></span> <span class='ocrx_word' id='word_1_160' title='bbox 735 2061 902 2129; x_wconf 86' lang='lat' dir='ltr'><strong>contineat,</strong></span> <span class='ocrx_word' id='word_1_161' title='bbox 929 2060 1029 2132; x_wconf 88' lang='lat' dir='ltr'><strong>deque</strong></span> <span class='ocrx_word' id='word_1_162' title='bbox 1056 2061 1191 2128; x_wconf 87' lang='lat' dir='ltr'><strong>auctore,</strong></span> <span class='ocrx_word' id='word_1_163' title='bbox 1211 2057 1285 2129; x_wconf 87' lang='lat' dir='ltr'><strong>quis</strong></span> 
     </span>
     <span class='ocr_line' id='line_1_19' title="bbox 218 2153 1282 2230; baseline -0.001 -17"><span class='ocrx_word' id='word_1_164' title='bbox 218 2155 270 2226; x_wconf 83' lang='lat' dir='ltr'><strong>sii,</strong></span> <span class='ocrx_word' id='word_1_165' title='bbox 286 2156 358 2214; x_wconf 87' lang='lat' dir='ltr'><strong>vide</strong></span> <span class='ocrx_word' id='word_1_166' title='bbox 372 2172 451 2229; x_wconf 83' lang='lat' dir='ltr'><strong>quae</strong></span> <span class='ocrx_word' id='word_1_167' title='bbox 465 2156 601 2230; x_wconf 89' lang='lat' dir='ltr'><strong>disputat</strong></span> <span class='ocrx_word' id='word_1_168' title='bbox 614 2159 717 2225; x_wconf 76' lang='lat' dir='ltr'><strong>libert,</strong></span> <span class='ocrx_word' id='word_1_169' title='bbox 736 2159 866 2228; x_wconf 84' lang='lat' dir='ltr'><strong>Aligem.</strong></span> <span class='ocrx_word' id='word_1_170' title='bbox 884 2156 991 2214; x_wconf 86' lang='lat' dir='ltr'><strong>Gesch.</strong></span> <span class='ocrx_word' id='word_1_171' title='bbox 1007 2156 1064 2214; x_wconf 89' lang='lat' dir='ltr'><strong>der</strong></span> <span class='ocrx_word' id='word_1_172' title='bbox 1088 2153 1146 2212; x_wconf 92' lang='lat' dir='ltr'><strong>Lit.</strong></span> <span class='ocrx_word' id='word_1_173' title='bbox 1171 2153 1226 2212; x_wconf 86' lang='lat' dir='ltr'><strong>des</strong></span> <span class='ocrx_word' id='word_1_174' title='bbox 1250 2157 1282 2212; x_wconf 90' lang='lat' dir='ltr'><strong>M</strong></span> 
     </span>
     <span class='ocr_line' id='line_1_20' title="bbox 218 2252 1284 2326; baseline 0.001 -17"><span class='ocrx_word' id='word_1_175' title='bbox 218 2254 254 2308; x_wconf 82' lang='lat' dir='ltr'><strong>A.</strong></span> <span class='ocrx_word' id='word_1_176' title='bbox 271 2253 295 2318; x_wconf 83' lang='lat'><strong>1,</strong></span> <span class='ocrx_word' id='word_1_177' title='bbox 309 2253 345 2310; x_wconf 87' lang='grc'><strong>93</strong></span> <span class='ocrx_word' id='word_1_178' title='bbox 359 2268 426 2325; x_wconf 88' lang='lat' dir='ltr'>sqq.</span> <span class='ocrx_word' id='word_1_179' title='bbox 442 2255 485 2309; x_wconf 83' lang='lat' dir='ltr'><strong>Ile</strong></span> <span class='ocrx_word' id='word_1_180' title='bbox 499 2255 669 2326; x_wconf 88' lang='lat' dir='ltr'><strong>nativitate,</strong></span> <span class='ocrx_word' id='word_1_181' title='bbox 686 2268 747 2311; x_wconf 95' lang='lat' dir='ltr'><strong>non</strong></span> <span class='ocrx_word' id='word_1_182' title='bbox 763 2255 801 2312; x_wconf 93' lang='lat' dir='ltr'><strong>de</strong></span> <span class='ocrx_word' id='word_1_183' title='bbox 815 2254 1042 2311; x_wconf 84' lang='lat' dir='ltr'><strong>resurrectione</strong></span> <span class='ocrx_word' id='word_1_184' title='bbox 1061 2256 1187 2325; x_wconf 85' lang='lat' dir='ltr'><strong>tropum</strong></span> <span class='ocrx_word' id='word_1_185' title='bbox 1202 2252 1284 2310; x_wconf 90' lang='lat' dir='ltr'><strong>hunc</strong></span> 
     </span>
     <span class='ocr_line' id='line_1_21' title="bbox 219 2335 1285 2408; baseline -0.003 -1"><span class='ocrx_word' id='word_1_186' title='bbox 219 2349 342 2407; x_wconf 90' lang='lat' dir='ltr'><strong>adhiret</strong></span> <span class='ocrx_word' id='word_1_187' title='bbox 352 2364 476 2407; x_wconf 86' lang='lat' dir='ltr'><strong>carmen</strong></span> <span class='ocrx_word' id='word_1_188' title='bbox 489 2352 702 2408; x_wconf 75' lang='lat' dir='ltr'><strong>Germanicum</strong></span> <span class='ocrx_word' id='word_1_189' title='bbox 719 2367 727 2405; x_wconf 77' lang='grc' dir='ltr'><strong>ι</strong></span> <span class='ocrx_word' id='word_1_190' title='bbox 1280 2335 1285 2356; x_wconf 84' lang='lat'>&#39;</span> 
     </span>
    </p>
   </div>
   <div class='ocr_carea' id='block_1_3' title="bbox 421 2568 931 2811">
    <p class='ocr_par' dir='ltr' id='par_1_3' title="bbox 421 2568 931 2811">
     <span class='ocr_line' id='line_1_22' title="bbox 421 2568 931 2648; baseline 0 -28"><span class='ocrx_word' id='word_1_191' title='bbox 421 2591 424 2601; x_wconf 88' lang='lat'><strong>·</strong></span> <span class='ocrx_word' id='word_1_192' title='bbox 466 2569 524 2621; x_wconf 90' lang='lat' dir='ltr'><strong>Der</strong></span> <span class='ocrx_word' id='word_1_193' title='bbox 534 2569 607 2648; x_wconf 82' lang='lat' dir='ltr'><strong>cwig</strong></span> <span class='ocrx_word' id='word_1_194' title='bbox 621 2572 684 2636; x_wconf 81' lang='lat' dir='ltr'><strong>gott</strong></span> <span class='ocrx_word' id='word_1_195' title='bbox 694 2571 844 2635; x_wconf 77' lang='lat' dir='ltr'><strong>vei-junget</strong></span> <span class='ocrx_word' id='word_1_196' title='bbox 854 2568 931 2620; x_wconf 80' lang='lat' dir='ltr'><strong>werd</strong></span> 
     </span>
     <span class='ocr_line' id='line_1_23' title="bbox 468 2657 852 2718; baseline 0.005 -10"><span class='ocrx_word' id='word_1_197' title='bbox 468 2657 520 2708; x_wconf 86' lang='lat' dir='ltr'><strong>Ais</strong></span> <span class='ocrx_word' id='word_1_198' title='bbox 534 2659 625 2709; x_wconf 82' lang='lat' dir='ltr'><strong>Fenix</strong></span> <span class='ocrx_word' id='word_1_199' title='bbox 640 2658 670 2709; x_wconf 90' lang='lat' dir='ltr'><strong>ln</strong></span> <span class='ocrx_word' id='word_1_200' title='bbox 683 2657 748 2710; x_wconf 91' lang='lat' dir='ltr'><strong>dem</strong></span> <span class='ocrx_word' id='word_1_201' title='bbox 757 2659 852 2718; x_wconf 84' lang='lat' dir='ltr'><strong>fewre,</strong></span> 
     </span>
     <span class='ocr_line' id='line_1_24' title="bbox 471 2746 886 2811; baseline -0.005 -15"><span class='ocrx_word' id='word_1_202' title='bbox 471 2746 512 2797; x_wconf 89' lang='lat' dir='ltr'><strong>ist</strong></span> <span class='ocrx_word' id='word_1_203' title='bbox 524 2759 580 2798; x_wconf 88' lang='lat' dir='ltr'><strong>uns</strong></span> <span class='ocrx_word' id='word_1_204' title='bbox 592 2747 656 2797; x_wconf 90' lang='lat' dir='ltr'><strong>eine</strong></span> <span class='ocrx_word' id='word_1_205' title='bbox 669 2759 769 2811; x_wconf 79' lang='lat' dir='ltr'><strong>grosse</strong></span> <span class='ocrx_word' id='word_1_206' title='bbox 785 2748 886 2797; x_wconf 82' lang='lat' dir='ltr'><strong>stewre</strong></span> 
     </span>
    </p>
   </div>
   <div class='ocr_carea' id='block_1_4' title="bbox 211 2965 1289 4296">
    <p class='ocr_par' dir='ltr' id='par_1_4' title="bbox 211 2965 1289 4296">
     <span class='ocr_line' id='line_1_25' title="bbox 252 2965 1284 3038; baseline -0.001 -16"><span class='ocrx_word' id='word_1_207' title='bbox 252 2967 398 3037; x_wconf 88' lang='lat' dir='ltr'><strong>Kehrcin‚</strong></span> <span class='ocrx_word' id='word_1_208' title='bbox 411 2969 532 3024; x_wconf 86' lang='lat' dir='ltr'><strong>Kathol.</strong></span> <span class='ocrx_word' id='word_1_209' title='bbox 548 2969 704 3025; x_wconf 88' lang='lat' dir='ltr'><strong>Kirchenl.</strong></span> <span class='ocrx_word' id='word_1_210' title='bbox 726 2969 749 3035; x_wconf 92' lang='lat'><strong>1,</strong></span> <span class='ocrx_word' id='word_1_211' title='bbox 766 2969 828 3023; x_wconf 78' lang='lat'>179.</span> <span class='ocrx_word' id='word_1_212' title='bbox 854 2967 911 3024; x_wconf 88' lang='lat' dir='ltr'><strong>Sed</strong></span> <span class='ocrx_word' id='word_1_213' title='bbox 927 2965 1201 3038; x_wconf 87' lang='lat' dir='ltr'><strong>praetermittenda</strong></span> <span class='ocrx_word' id='word_1_214' title='bbox 1221 2979 1284 3022; x_wconf 93' lang='lat' dir='ltr'><strong>non</strong></span> 
     </span>
     <span class='ocr_line' id='line_1_26' title="bbox 218 3062 1285 3134; baseline -0.001 -16"><span class='ocrx_word' id='word_1_215' title='bbox 218 3066 300 3133; x_wconf 92' lang='lat' dir='ltr'><strong>sunt,</strong></span> <span class='ocrx_word' id='word_1_216' title='bbox 315 3077 394 3134; x_wconf 86' lang='lat' dir='ltr'><strong>quae</strong></span> <span class='ocrx_word' id='word_1_217' title='bbox 408 3064 476 3134; x_wconf 89' lang='lat' dir='ltr'><strong>ipse</strong></span> <span class='ocrx_word' id='word_1_218' title='bbox 487 3064 674 3122; x_wconf 82' lang='lat' dir='ltr'><strong>Abaelardus</strong></span> <span class='ocrx_word' id='word_1_219' title='bbox 689 3078 831 3120; x_wconf 88' lang='lat' dir='ltr'><strong>sermone</strong></span> <span class='ocrx_word' id='word_1_220' title='bbox 845 3065 928 3134; x_wconf 88' lang='lat' dir='ltr'>XIII,</span> <span class='ocrx_word' id='word_1_221' title='bbox 944 3064 997 3134; x_wconf 87' lang='lat' dir='ltr'><strong>qui</strong></span> <span class='ocrx_word' id='word_1_222' title='bbox 1008 3063 1047 3120; x_wconf 87' lang='lat' dir='ltr'><strong>dc</strong></span> <span class='ocrx_word' id='word_1_223' title='bbox 1065 3062 1212 3134; x_wconf 88' lang='lat' dir='ltr'><strong>paschate</strong></span> <span class='ocrx_word' id='word_1_224' title='bbox 1227 3065 1285 3129; x_wconf 90' lang='lat' dir='ltr'><strong>est,</strong></span> 
     </span>
     <span class='ocr_line' id='line_1_27' title="bbox 221 3159 1287 3233; baseline 0 -17"><span class='ocrx_word' id='word_1_225' title='bbox 221 3159 260 3217; x_wconf 93' lang='lat' dir='ltr'><strong>de</strong></span> <span class='ocrx_word' id='word_1_226' title='bbox 271 3161 423 3232; x_wconf 87' lang='lat' dir='ltr'><strong>phoenice</strong></span> <span class='ocrx_word' id='word_1_227' title='bbox 437 3161 570 3230; x_wconf 88' lang='lat' dir='ltr'><strong>disserit,</strong></span> <span class='ocrx_word' id='word_1_228' title='bbox 587 3176 729 3233; x_wconf 81' lang='lat' dir='ltr'><strong>quaeque</strong></span> <span class='ocrx_word' id='word_1_229' title='bbox 743 3160 867 3218; x_wconf 91' lang='lat' dir='ltr'><strong>omnino</strong></span> <span class='ocrx_word' id='word_1_230' title='bbox 882 3175 953 3217; x_wconf 90' lang='lat' dir='ltr'><strong>cum</strong></span> <span class='ocrx_word' id='word_1_231' title='bbox 967 3160 1079 3230; x_wconf 86' lang='lat' dir='ltr'><strong>hymno</strong></span> <span class='ocrx_word' id='word_1_232' title='bbox 1095 3162 1201 3217; x_wconf 88' lang='lat' dir='ltr'><strong>nostro</strong></span> <span class='ocrx_word' id='word_1_233' title='bbox 1215 3173 1287 3216; x_wconf 93' lang='lat' dir='ltr'><strong>con·</strong></span> 
     </span>
     <span class='ocr_line' id='line_1_28' title="bbox 217 3257 1287 3329; baseline 0.001 -18"><span class='ocrx_word' id='word_1_234' title='bbox 217 3257 358 3314; x_wconf 87' lang='lat' dir='ltr'><strong>veniunt.</strong></span> <span class='ocrx_word' id='word_1_235' title='bbox 375 3260 457 3315; x_wconf 88' lang='lat' dir='ltr'><strong>liaeo</strong></span> <span class='ocrx_word' id='word_1_236' title='bbox 481 3259 562 3315; x_wconf 90' lang='lat' dir='ltr'><strong>onim</strong></span> <span class='ocrx_word' id='word_1_237' title='bbox 589 3258 681 3315; x_wconf 88' lang='lat' dir='ltr'><strong>habet</strong></span> <span class='ocrx_word' id='word_1_238' title='bbox 694 3274 702 3313; x_wconf 76' lang='grc' dir='ltr'><strong><em>ι</em></strong></span> <span class='ocrx_word' id='word_1_239' title='bbox 717 3276 729 3309; x_wconf 81' lang='lat' dir='ltr'><strong>r</strong></span> <span class='ocrx_word' id='word_1_240' title='bbox 746 3258 841 3328; x_wconf 78' lang='lat' dir='ltr'><strong>Cirjus</strong></span> <span class='ocrx_word' id='word_1_241' title='bbox 871 3258 996 3329; x_wconf 83' lang='lat' dir='ltr'><strong>quidem</strong></span> <span class='ocrx_word' id='word_1_242' title='bbox 1014 3257 1079 3315; x_wconf 89' lang='lat' dir='ltr'><strong>avis</strong></span> <span class='ocrx_word' id='word_1_243' title='bbox 1100 3260 1241 3314; x_wconf 88' lang='lat' dir='ltr'><strong>naturam</strong></span> <span class='ocrx_word' id='word_1_244' title='bbox 1254 3258 1287 3312; x_wconf 88' lang='lat' dir='ltr'><strong>et</strong></span> 
     </span>
     <span class='ocr_line' id='line_1_29' title="bbox 216 3354 1286 3425; baseline 0 -15"><span class='ocrx_word' id='word_1_245' title='bbox 216 3354 456 3413; x_wconf 83' lang='lat' dir='ltr'><strong>resurrectionis</strong></span> <span class='ocrx_word' id='word_1_246' title='bbox 471 3355 587 3425; x_wconf 91' lang='lat' dir='ltr'><strong>modos,</strong></span> <span class='ocrx_word' id='word_1_247' title='bbox 602 3355 629 3412; x_wconf 90' lang='lat' dir='ltr'><strong>si</strong></span> <span class='ocrx_word' id='word_1_248' title='bbox 643 3355 681 3413; x_wconf 91' lang='lat' dir='ltr'><strong>ad</strong></span> <span class='ocrx_word' id='word_1_249' title='bbox 705 3355 860 3412; x_wconf 83' lang='lat' dir='ltr'><strong>Christum</strong></span> <span class='ocrx_word' id='word_1_250' title='bbox 878 3354 1006 3425; x_wconf 89' lang='lat' dir='ltr'><strong>mystice</strong></span> <span class='ocrx_word' id='word_1_251' title='bbox 1018 3354 1201 3422; x_wconf 84' lang='lat' dir='ltr'><strong>referamus,</strong></span> <span class='ocrx_word' id='word_1_252' title='bbox 1214 3367 1286 3410; x_wconf 93' lang='lat' dir='ltr'><strong>con·</strong></span> 
     </span>
     <span class='ocr_line' id='line_1_30' title="bbox 215 3451 1285 3523; baseline 0 -18"><span class='ocrx_word' id='word_1_253' title='bbox 215 3451 379 3509; x_wconf 91' lang='lat' dir='ltr'><strong>venienter</strong></span> <span class='ocrx_word' id='word_1_254' title='bbox 393 3452 516 3522; x_wconf 79' lang='lat' dir='ltr'><strong>singula</strong></span> <span class='ocrx_word' id='word_1_255' title='bbox 528 3453 557 3510; x_wconf 91' lang='lat' dir='ltr'><strong>ci</strong></span> <span class='ocrx_word' id='word_1_256' title='bbox 570 3453 736 3509; x_wconf 90' lang='lat' dir='ltr'><strong>convenire</strong></span> <span class='ocrx_word' id='word_1_257' title='bbox 758 3452 944 3509; x_wconf 85' lang='lat' dir='ltr'><strong>videbimus.</strong></span> <span class='ocrx_word' id='word_1_258' title='bbox 976 3454 1057 3508; x_wconf 85' lang='lat' dir='ltr'><strong>Haec</strong></span> <span class='ocrx_word' id='word_1_259' title='bbox 1083 3451 1200 3523; x_wconf 86' lang='lat' dir='ltr'><strong>quippe</strong></span> <span class='ocrx_word' id='word_1_260' title='bbox 1208 3451 1285 3521; x_wconf 89' lang='lat' dir='ltr'><strong>avis,</strong></span> 
     </span>
     <span class='ocr_line' id='line_1_31' title="bbox 216 3547 1287 3620; baseline 0.001 -17"><span class='ocrx_word' id='word_1_261' title='bbox 216 3548 290 3618; x_wconf 85' lang='lat' dir='ltr'><strong>quia</strong></span> <span class='ocrx_word' id='word_1_262' title='bbox 303 3549 395 3606; x_wconf 91' lang='lat' dir='ltr'><strong>unica</strong></span> <span class='ocrx_word' id='word_1_263' title='bbox 405 3563 474 3605; x_wconf 91' lang='lat' dir='ltr'><strong>esse</strong></span> <span class='ocrx_word' id='word_1_264' title='bbox 486 3549 676 3620; x_wconf 87' lang='lat' dir='ltr'><strong>perhibetur,</strong></span> <span class='ocrx_word' id='word_1_265' title='bbox 698 3563 754 3605; x_wconf 89' lang='lat' dir='ltr'><strong>neo</strong></span> <span class='ocrx_word' id='word_1_266' title='bbox 775 3548 940 3605; x_wconf 90' lang='lat' dir='ltr'><strong>masculini</strong></span> <span class='ocrx_word' id='word_1_267' title='bbox 961 3562 1018 3605; x_wconf 91' lang='lat' dir='ltr'><strong>nec</strong></span> <span class='ocrx_word' id='word_1_268' title='bbox 1032 3547 1173 3606; x_wconf 86' lang='lat' dir='ltr'><strong>feminini</strong></span> <span class='ocrx_word' id='word_1_269' title='bbox 1195 3562 1287 3604; x_wconf 86' lang='lat' dir='ltr'><strong>sexus</strong></span> 
     </span>
     <span class='ocr_line' id='line_1_32' title="bbox 215 3646 1289 3718; baseline 0 -17"><span class='ocrx_word' id='word_1_270' title='bbox 215 3659 285 3702; x_wconf 89' lang='lat' dir='ltr'><strong>esse</strong></span> <span class='ocrx_word' id='word_1_271' title='bbox 313 3647 517 3715; x_wconf 83' lang='lat' dir='ltr'><strong>cognoscItur,</strong></span> <span class='ocrx_word' id='word_1_272' title='bbox 546 3651 577 3703; x_wconf 90' lang='lat' dir='ltr'><strong>et</strong></span> <span class='ocrx_word' id='word_1_273' title='bbox 602 3647 674 3718; x_wconf 85' lang='lat' dir='ltr'><strong>quia</strong></span> <span class='ocrx_word' id='word_1_274' title='bbox 695 3646 800 3718; x_wconf 86' lang='lat' dir='ltr'><strong>pullos</strong></span> <span class='ocrx_word' id='word_1_275' title='bbox 840 3660 903 3703; x_wconf 90' lang='lat' dir='ltr'><strong>non</strong></span> <span class='ocrx_word' id='word_1_276' title='bbox 932 3648 1068 3715; x_wconf 80' lang='lat' dir='ltr'><strong>generat,</strong></span> <span class='ocrx_word' id='word_1_277' title='bbox 1092 3658 1289 3717; x_wconf 87' lang='lat' dir='ltr'><strong>nequaquam</strong></span> 
     </span>
     <span class='ocr_line' id='line_1_33' title="bbox 215 3739 1289 3813; baseline -0.004 -15"><span class='ocrx_word' id='word_1_278' title='bbox 215 3741 360 3799; x_wconf 85' lang='lat' dir='ltr'><strong>nidificat.</strong></span> <span class='ocrx_word' id='word_1_279' title='bbox 374 3745 457 3811; x_wconf 89' lang='lat' dir='ltr'><strong>Quae</strong></span> <span class='ocrx_word' id='word_1_280' title='bbox 472 3757 541 3799; x_wconf 94' lang='lat' dir='ltr'><strong>cum</strong></span> <span class='ocrx_word' id='word_1_281' title='bbox 556 3742 614 3800; x_wconf 88' lang='lat' dir='ltr'><strong>sibl</strong></span> <span class='ocrx_word' id='word_1_282' title='bbox 627 3746 756 3799; x_wconf 91' lang='lat' dir='ltr'><strong>mortem</strong></span> <span class='ocrx_word' id='word_1_283' title='bbox 770 3744 843 3813; x_wconf 85' lang='lat' dir='ltr'><strong>post</strong></span> <span class='ocrx_word' id='word_1_284' title='bbox 854 3755 951 3798; x_wconf 90' lang='lat' dir='ltr'><strong>annos</strong></span> <span class='ocrx_word' id='word_1_285' title='bbox 959 3740 1112 3813; x_wconf 92' lang='lat' dir='ltr'><strong>plurimos</strong></span> <span class='ocrx_word' id='word_1_286' title='bbox 1126 3739 1289 3796; x_wconf 89' lang='lat' dir='ltr'><strong>imminere</strong></span> 
     </span>
     <span class='ocr_line' id='line_1_34' title="bbox 213 3837 1288 3912; baseline -0.002 -18"><span class='ocrx_word' id='word_1_287' title='bbox 213 3841 417 3912; x_wconf 81' lang='lat' dir='ltr'><strong>persenserIt,</strong></span> <span class='ocrx_word' id='word_1_288' title='bbox 444 3843 560 3897; x_wconf 90' lang='lat' dir='ltr'><strong>struem</strong></span> <span class='ocrx_word' id='word_1_289' title='bbox 587 3840 741 3911; x_wconf 84' lang='lat' dir='ltr'><strong>quandam</strong></span> <span class='ocrx_word' id='word_1_290' title='bbox 766 3842 797 3896; x_wconf 90' lang='lat' dir='ltr'><strong>et</strong></span> <span class='ocrx_word' id='word_1_291' title='bbox 821 3839 1040 3896; x_wconf 85' lang='lat' dir='ltr'><strong>domunculam</strong></span> <span class='ocrx_word' id='word_1_292' title='bbox 1066 3837 1224 3909; x_wconf 88' lang='lat' dir='ltr'><strong>sepulchri</strong></span> <span class='ocrx_word' id='word_1_293' title='bbox 1250 3849 1288 3892; x_wconf 86' lang='lat' dir='ltr'><strong>ex</strong></span> 
     </span>
     <span class='ocr_line' id='line_1_35' title="bbox 212 3935 1285 4009; baseline -0.002 -17"><span class='ocrx_word' id='word_1_294' title='bbox 212 3937 398 3994; x_wconf 87' lang='lat' dir='ltr'><strong>ramusculis</strong></span> <span class='ocrx_word' id='word_1_295' title='bbox 425 3937 597 3995; x_wconf 90' lang='lat' dir='ltr'><strong>aromaticis</strong></span> <span class='ocrx_word' id='word_1_296' title='bbox 624 3938 677 3994; x_wconf 90' lang='lat' dir='ltr'><strong>vel</strong></span> <span class='ocrx_word' id='word_1_297' title='bbox 697 3937 774 4009; x_wconf 91' lang='lat' dir='ltr'><strong>ipsis</strong></span> <span class='ocrx_word' id='word_1_298' title='bbox 808 3936 995 3994; x_wconf 89' lang='lat' dir='ltr'><strong>aromatibus</strong></span> <span class='ocrx_word' id='word_1_299' title='bbox 1020 3935 1079 3993; x_wconf 87' lang='lat' dir='ltr'><strong>sibi</strong></span> <span class='ocrx_word' id='word_1_300' title='bbox 1106 3936 1285 4007; x_wconf 88' lang='lat' dir='ltr'><strong>praeparat,</strong></span> 
     </span>
     <span class='ocr_line' id='line_1_36' title="bbox 211 4032 1286 4106; baseline -0.003 -16"><span class='ocrx_word' id='word_1_301' title='bbox 211 4036 368 4104; x_wconf 85' lang='lat' dir='ltr'><strong>tamquam</strong></span> <span class='ocrx_word' id='word_1_302' title='bbox 383 4034 531 4092; x_wconf 80' lang='lat' dir='ltr'><strong>foetorem</strong></span> <span class='ocrx_word' id='word_1_303' title='bbox 556 4033 713 4091; x_wconf 88' lang='lat' dir='ltr'><strong>cadaveris</strong></span> <span class='ocrx_word' id='word_1_304' title='bbox 738 4034 787 4090; x_wconf 92' lang='lat' dir='ltr'><strong>sui</strong></span> <span class='ocrx_word' id='word_1_305' title='bbox 811 4048 869 4106; x_wconf 90' lang='lat' dir='ltr'><strong>per</strong></span> <span class='ocrx_word' id='word_1_306' title='bbox 888 4033 1089 4103; x_wconf 77' lang='lat' dir='ltr'><strong>ibagrantiam</strong></span> <span class='ocrx_word' id='word_1_307' title='bbox 1112 4032 1286 4104; x_wconf 83' lang='lat' dir='ltr'><strong>exprimere</strong></span> 
     </span>
     <span class='ocr_line' id='line_1_37' title="bbox 213 4127 1283 4202; baseline -0.006 -14"><span class='ocrx_word' id='word_1_308' title='bbox 213 4133 339 4200; x_wconf 77' lang='lat' dir='ltr'><strong>satagat.</strong></span> <span class='ocrx_word' id='word_1_309' title='bbox 357 4130 392 4187; x_wconf 92' lang='lat' dir='ltr'><strong>ln</strong></span> <span class='ocrx_word' id='word_1_310' title='bbox 419 4131 499 4188; x_wconf 91' lang='lat' dir='ltr'><strong>hanc</strong></span> <span class='ocrx_word' id='word_1_311' title='bbox 520 4132 624 4202; x_wconf 84' lang='lat' dir='ltr'><strong>itaque</strong></span> <span class='ocrx_word' id='word_1_312' title='bbox 646 4133 816 4186; x_wconf 88' lang='lat' dir='ltr'><strong>aromatum</strong></span> <span class='ocrx_word' id='word_1_313' title='bbox 842 4132 1029 4185; x_wconf 86' lang='lat' dir='ltr'><strong>structuram</strong></span> <span class='ocrx_word' id='word_1_314' title='bbox 1056 4142 1090 4185; x_wconf 89' lang='lat' dir='ltr'><strong>se</strong></span> <span class='ocrx_word' id='word_1_315' title='bbox 1116 4127 1283 4186; x_wconf 79' lang='lat' dir='ltr'><strong>conterens</strong></span> 
     </span>
     <span class='ocr_line' id='line_1_38' title="bbox 212 4221 1281 4296; baseline -0.005 -15"><span class='ocrx_word' id='word_1_316' title='bbox 212 4222 369 4296; x_wconf 86' lang='lat' dir='ltr'><strong>exspirare</strong></span> <span class='ocrx_word' id='word_1_317' title='bbox 384 4224 497 4283; x_wconf 87' lang='lat' dir='ltr'><strong>dIcitur</strong></span> <span class='ocrx_word' id='word_1_318' title='bbox 511 4227 542 4282; x_wconf 91' lang='lat' dir='ltr'><strong>et</strong></span> <span class='ocrx_word' id='word_1_319' title='bbox 566 4225 633 4281; x_wconf 90' lang='lat' dir='ltr'><strong>sole</strong></span> <span class='ocrx_word' id='word_1_320' title='bbox 657 4222 790 4294; x_wconf 87' lang='lat' dir='ltr'><strong>desuper</strong></span> <span class='ocrx_word' id='word_1_321' title='bbox 815 4226 975 4281; x_wconf 89' lang='lat' dir='ltr'><strong>aestuante</strong></span> <span class='ocrx_word' id='word_1_322' title='bbox 1000 4226 1030 4280; x_wconf 90' lang='lat' dir='ltr'><strong>et</strong></span> <span class='ocrx_word' id='word_1_323' title='bbox 1063 4225 1200 4280; x_wconf 88' lang='lat' dir='ltr'><strong>aromata</strong></span> <span class='ocrx_word' id='word_1_324' title='bbox 1212 4221 1281 4293; x_wconf 86' lang='lat' dir='ltr'><strong>ipsa</strong></span> 
     </span>
    </p>
   </div>
   <div class='ocr_carea' id='block_1_5' title="bbox 0 0 1500 5048">
    <p class='ocr_par' dir='ltr' id='par_1_5' title="bbox 0 0 1500 5048">
     <span class='ocr_line' id='line_1_39' title="bbox 0 0 1500 5048; baseline 0 2"><span class='ocrx_word' id='word_1_325' title='bbox 0 0 1500 5048; x_wconf 95' lang='lat' dir='ltr'><strong> </strong></span> 
     </span>
    </p>
   </div>
  </div>
 </body>
</html>
