2992 5048
285 571 679 638 Pugnantmnndiprinoipes.

287 659 391 713 Turris⁴
402 659 451 711 his
467 659 615 713 Davitica.

285 746 452 813 Angelorum
469 747 677 817 bominumque.

287 837 412 891 unieris
426 838 519 892 docem
534 839 678 906 mannes.

287 912 490 994 Mystes-iorum
503 931 642 994 staniser.

289 1018 371 1080 onom
380 1015 474 1070 telioss
487 1031 681 1084 supernorum.

289 1106 352 1170 Quis
366 1111 398 1161 nt
409 1107 480 1160 bens
492 1112 551 1160 tem
563 1107 682 1162 virtuto.

293 1198 364 1250 Urbs
375 1198 454 1247 beata
468 1196 667 1249 Hierusalem.

293 1287 400 1337 Christe
413 1292 579 1338 cunctorum
591 1288 685 1338 donti-

323 1380 419 1426 nator.

290 1463 354 1526 tvo,
367 1463 488 1530 praesul,
501 1463 562 1517 lons
578 1478 702 1531 praesn-

325 1551 394 1604 lum.

294 1640 313 1691 0
324 1653 390 1692 vers
403 1640 508 1693 christi
519 1640 651 1695 mititem.

296 1731 368 1781 Cum
379 1730 410 1781 in
430 1731 538 1780 sanetis
558 1730 636 1782 Dous
649 1732 688 1782 sit

714 453 851 509 ¹-ss-

845 573 955 627 Bversis
967 571 1094 627 altariis.

841 663 969 716 Exoltom
980 663 1092 716 emine.

840 747 995 814 rumpunt
1007 747 1137 802 iamnes.

801 885 805 894 .
842 837 1072 890 Bellatorarmis
1083 836 1216 887 inolitus.

843 925 1001 992 Quadrigas
1021 925 1128 978 Christi
1150 923 1232 977 vehi·

876 1015 987 1068 culum.

785 1091 794 1103 ”
845 1103 981 1159 'torcular
1002 1117 1070 1155 orux
1085 1106 1129 1154 est
1143 1100 1236 1154 domi·

875 1194 943 1248 nien
954 1231 961 1245 .

847 1283 972 1344 Quntuor
983 1281 1045 1332 hono
1056 1277 1204 1331 animalia.

846 1373 924 1424 Eunt
942 1383 1008 1421 oum
1022 1367 1081 1420 illis
1102 1364 1251 1418 euntibus.

848 1458 1005 1528 Apostolioi
1026 1457 1139 1510 eulmen
1159 1453 1237 1507 ordi-

878 1551 936 1603 nis.

849 1642 960 1706 Regum
969 1636 1042 1689 solia
1051 1631 1241 1698 philosophici

850 1735 925 1784 Deus
939 1735 1055 1780 tuorum
1069 1725 1209 1774 militnm.

328 1816 483 1868 mirabilis.
850 1823 975 1872 Aeteraa
990 1813 1094 1868 Christi
1105 1822 1240 1862 munera.

264 1931 265 1935 κ
302 1905 445 1955 Christum
459 1910 627 1966 rooemusat
638 1907 694 1957 Pa·
849 1912 917 1962 Jesu
929 1919 1034 1958 corona
1045 1903 1162 1954 celsior.

331 1999 414 2044 trem.
850 2000 960 2064 Sponsa
974 1991 1080 2046 Christi
1095 1994 1152 2040 inm
1162 1988 1243 2052 virgo

298 2083 464 2133 Traduntur
475 2082 538 2145 tant
551 2089 702 2150 martyres.
881 2097 978 2150 qnam.

299 2169 461 2222 Sanctorum
473 2170 651 2226 solemnitas.
849 2177 925 2232 Jesu,
940 2185 1045 2224 corona
1059 2168 1217 2232 viminum.

297 2257 460 2310 Portnooeli
475 2259 611 2313 sidorum.
851 2264 890 2317 Ut
906 2275 1009 2314 aurora
1028 2269 1219 2323 consurgens.

295 2347 451 2402 communis
464 2349 626 2404 celebritas.
849 2351 927 2402 Dens
942 2347 992 2415 qui
1006 2358 1137 2412 corpora.

308 2546 386 2614 Jam
411 2550 531 2615 ntrum'
560 2547 678 2637 hymni
702 2570 834 2633 omnes,
852 2548 895 2616 de
932 2542 1061 2634 quibus
1097 2540 1217 2610 ultimo
1249 2537 1325 2605 loco

269 2658 432 2742 diximus²
441 2660 583 2748 genuini
596 2661 690 2730 Petri
698 2661 885 2731 Abaleardi
900 2659 1011 2728 foetus
1025 2652 1159 2724 censeri
1173 2649 1330 2754 debeant

268 2794 332 2844 nee
346 2795 402 2858 ne,
411 2775 531 2865 paucis
545 2775 813 2846 discutiendnm.
827 2777 869 2845 Et
883 2773 1055 2865 imprimis
1068 2769 1220 2860 quidem,
1237 2783 1327 2854 qnae

272 2888 414 2957 remotis
429 2888 566 2978 hymnis
584 2890 649 2959 boc
667 2898 808 2959 auctore
826 2896 919 2958 certo
937 2895 997 2956 out
1015 2880 1247 2956 anterioribus
1266 2883 1327 2945 aut

269 3004 520 3092 posterioribus
534 3025 635 3073 sacre
660 3005 815 3072 carmina
834 3009 1025 3084 remanent,
1047 3019 1157 3069 unum
1180 2995 1210 3063 si
1231 2991 1327 3061 exci-

266 3116 352 3206 pias,
363 3117 409 3185 ita
423 3118 458 3184 in
472 3119 554 3200 stili,
570 3119 619 3188 ita
633 3119 670 3186 in
686 3118 838 3208 rhythmi
855 3116 1047 3186 rationibus
1061 3133 1142 3182 cum
1159 3107 1324 3200 genuinis

268 3232 480 3302 conveniunt
500 3235 627 3319 omnin,
648 3241 687 3303 nt
707 3233 844 3321 abipso
865 3232 1018 3300 coniecto
1037 3249 1114 3296 esse
1132 3244 1232 3294 nemo
1251 3242 1329 3292 eor·

269 3345 372 3415 datus
390 3347 582 3437 negaverit.
611 3347 709 3425 Quod
732 3347 902 3437 quamsit
924 3364 1059 3428 verum,
1081 3341 1141 3430 qui
1159 3339 1215 3407 vel
1234 3337 1328 3407 solas

269 3460 481 3552 doxologias,
498 3464 661 3532 extremis
684 3463 820 3552 hymnis
846 3461 990 3540 adfixas
1012 3464 1142 3527 attente
1167 3452 1330 3523 conside-

268 3583 339 3659 rat,
360 3576 459 3665 quasi
486 3578 647 3647 manibus
668 3577 809 3648 tenebit.
830 3575 933 3644 Aliud
952 3583 1131 3663 praeterea
1149 3575 1215 3650 est,
1236 3565 1329 3656 quod

272 3691 318 3760 nd
337 3689 483 3760 eandem
502 3692 697 3783 opinionem
723 3690 996 3762 confirmandum
1023 3707 1091 3756 non
1109 3682 1331 3754 mediocriter

270 3805 383 3891 juvat.
415 3804 511 3874 Solet
537 3807 630 3874 enim
654 3803 871 3876 Abnelerdus
905 3804 942 3871 in
968 3801 1106 3892 hymnis
1131 3797 1203 3867 suis
1235 3791 1330 3863 baud

267 3897 365 4004 raro,
395 3927 500 4009 atque
519 3919 553 3988 id
582 3941 661 3990 oum
690 3939 817 4010 magno
844 3919 910 4009 ipsi
937 3915 1122 3988 Ambrosio
1147 3928 1330 3982 commune

274 4040 339 4119 est,
360 4034 480 4104 endem
499 4057 750 4125 nonnunquam
769 4042 871 4124 etque
889 4033 975 4103 adeo
1001 4032 1125 4101 iisdem
1152 4030 1223 4097 iere
1246 4043 1331 4094 ver-

272 4148 327 4218 bis
352 4150 482 4221 referre
502 4151 538 4221 in
559 4153 717 4242 hymnos,
738 4172 828 4242 quae
846 4150 924 4219 aliis
947 4150 983 4217 in
1010 4146 1149 4237 scriptis
1173 4140 1335 4232 protule-

271 4270 336 4333 rat.
358 4264 466 4355 Cujus
485 4269 534 4337 rei
555 4268 713 4358 exemplo
736 4266 847 4335 hebes
870 4265 905 4334 in
925 4265 1063 4355 hymnis
1091 4259 1194 4352 primi
1222 4253 1332 4326 libelli
