2992 5048
663 400 825 460 -IsI-

219 528 339 588 Christo
355 530 462 584 nostro
474 526 612 584 benedici
627 541 734 584 omnes
750 531 873 597 gentes3
893 526 967 598 quid
987 531 1184 599 exspectant,¹
1197 531 1280 602 quod

212 626 278 695 jam
290 625 379 682 venit
391 627 422 692 et
435 638 497 681 non
510 625 629 694 timent,
642 624 726 696 quod
745 627 912 682 venturum
936 620 1007 681 esti
1027 624 1171 696 Lapidem
1196 628 1279 686 enim

215 722 249 780 se
264 723 340 781 dixit
351 722 419 793 ipse
433 721 578 792 Dominus
589 725 695 778 noster
713 723 805 778 lesus
833 720 972 777 Christus
991 723 1169 792 prophetico
1191 725 1230 782 ad
1245 739 1280 782 se

215 817 416 876 asserendum
426 818 518 873 utens
531 816 717 888 testimonio,
734 816 870 888 lapidem
886 818 988 872 autem
1000 817 1156 887 talem,ut,
1172 819 1279 892 siquis

214 914 248 969 in
263 928 333 970 eum
349 912 520 983 ostenderit,
536 915 674 969 conterat
690 927 772 970 eum.
788 911 914 980 Quando
929 911 1010 967 enim
1023 912 1055 968 in
1065 915 1281 973 eum-offendi·

215 1005 277 1078 tur,
306 1007 432 1065 humilis
457 1006 561 1077 jacet;
593 1007 726 1078 jacendo
754 1008 881 1065 humilis
911 1012 1037 1080 quassat
1065 1011 1280 1082 offendentem,

215 1104 370 1162 veniendo
396 1105 534 1160 excelsus
561 1105 693 1161 conterit
715 1104 956 1176 superbientem.
987 1108 1054 1162 lam
1076 1121 1148 1177 ergo
1174 1110 1282 1168 ludaei

216 1204 271 1261 illa
285 1199 455 1261 ostensione
470 1205 607 1276 quassati
621 1207 704 1273 sunt,
718 1207 825 1275 restat,
837 1207 873 1260 ut
886 1203 953 1275 ejus
973 1206 1132 1276 praeclaro
1147 1208 1283 1265 adventu

216 1303 308 1360 etiam
333 1304 540 1372 conterantur,
567 1301 628 1358 nisi
653 1301 743 1367 forte,
775 1301 848 1358 dum
875 1301 996 1370 vivunt,
1026 1304 1219 1375 agnoverint,
1243 1318 1282 1362 ne

216 1401 387 1458 moriantur
403 1419 427 1456 i.
444 1402 538 1457 Serm.
554 1400 588 1456 91
612 1399 651 1456 de
664 1398 770 1456 verbis
792 1401 899 1468 Evang
914 1399 1032 1470 (matth.
1061 1401 1108 1470 22,
1136 1400 1181 1472 10)
1197 1416 1227 1457 n.
1254 1404 1282 1459 1.

218 1496 362 1552 Similiter
377 1495 409 1550 in
426 1509 567 1551 sermone
580 1494 743 1551 Ambrosio
771 1507 935 1566 perperam
967 1494 1120 1566 adscripto
1144 1496 1193 1567 (de
1211 1499 1282 1570 Epi-

217 1594 310 1664 plian.
327 1593 350 1658 l,
367 1607 397 1648 n.
411 1592 439 1662 3)
460 1607 467 1645 :
486 1611 500 1643 a
515 1591 603 1650 Unde
616 1590 742 1649 ludaeis
755 1606 813 1663 per
826 1593 1006 1664 prophetam
1020 1593 1131 1650 dicitur
1148 1610 1155 1650 :
1171 1595 1283 1652 Viden·
1372 1647 1375 1652 .

224 1694 270 1747 tes
294 1689 439 1746 videbitis
453 1692 485 1745 et
507 1703 570 1745 non
591 1688 736 1745 videbitis
766 1680 817 1758 (l's.
830 1690 858 1759 6,
871 1691 911 1760 9),
940 1689 997 1745 hoc
1020 1693 1068 1746 est
1090 1692 1285 1762 salvatorem,

221 1801 313 1858 quem
341 1789 506 1843 cernerent
524 1786 623 1843 oculis
646 1787 871 1858 corporalibus,
898 1786 1051 1858 spirituali
1080 1789 1197 1847 lumine
1222 1804 1285 1847 non

220 1885 374 1942 viderent.
394 1886 507 1940 Postea
534 1885 617 1941 enim
645 1898 738 1956 quam
761 1883 953 1941 divinilatem
980 1898 1067 1941 suam
1095 1886 1286 1944 mirabilibus

221 1981 399 2050 declaravit,
420 1982 562 2064 humanis
579 1982 734 2039 mentibus
753 1984 908 2053 tamquam
935 1996 1035 2040 novus
1056 1985 1087 2039 et
1109 1983 1284 2055 inopinatus

224 2092 377 2150 apparens
392 2078 497 2135 oculos
512 2078 659 2148 quosdam
677 2077 777 2135 cordis
792 2077 914 2148 intirdit,
928 2081 964 2134 ut
989 2084 1188 2149 cognosceret
1215 2095 1284 2138 sen-

222 2190 287 2244 sus,
304 2190 394 2247 quem
408 2189 470 2232 non
493 2175 637 2244 cognovit
650 2175 824 2247 adspectus.
840 2176 927 2234 Unde
940 2175 985 2246 ut,
999 2181 1035 2233 ut
1048 2191 1105 2233 nos
1127 2178 1283 2236 Christum

220 2272 382 2328 Dominum
395 2272 565 2343 perfidem,
582 2285 673 2342 quem
687 2285 846 2343 nunquam
860 2271 1005 2342 vidimus,
1025 2274 1279 2345 contemplemur,

217 2369 334 2436 ludaei,
355 2352 452 2440 ‘quem
477 2371 707 2439 perspexerunt,
733 2367 843 2437 oeulis,
881 2369 1088 2439 palpaverunt
1125 2370 1278 2440 manibus,

221 2466 310 2524 hodie
323 2480 423 2537 usque
439 2478 501 2521 non
514 2465 640 2522 vIdeant
656 2482 682 2518 s.
698 2467 774 2536 Opp.
790 2465 841 2534 vI,
854 2478 886 2535 p.
898 2466 952 2521 121
963 2480 1009 2536 sq.
1022 2495 1059 2507 -
1071 2468 1100 2537 5,
1114 2467 1133 2524 2
1148 2481 1194 2538 sq.
1210 2466 1282 2524 Cir,

218 2563 421 2632 augustinum
434 2563 490 2632 Ep.
511 2561 563 2617 137
577 2560 616 2619 ad
638 2562 840 2618 Volusianum
866 2574 899 2619 n.
933 2562 968 2618 16
991 2577 1030 2617 :a
1056 2562 1199 2634 Reproba
1225 2577 1284 2636 per

219 2660 428 2717 infideIItatem
448 2672 523 2728 gens
542 2659 611 2730 ipsa
635 2658 821 2715 Iudaeorum
842 2673 860 2714 a
878 2659 1003 2716 sedibus
1029 2660 1198 2732 exstirpata
1223 2674 1280 2732 per

220 2758 368 2815 mundum
383 2770 608 2827 usquequaque
627 2756 814 2827 dispergitur
836 2759 868 2813 et
895 2757 1010 2827 ubique
1033 2760 1137 2828 portat
1157 2756 1280 2814 codices

221 2859 342 2912 sanctos
357 2869 392 2910 ac
407 2854 433 2910 si
447 2854 626 2925 prophetiae
641 2848 861 2926 testimonium,
876 2867 937 2924 qua
949 2853 1088 2911 Christus
1104 2857 1135 2910 et
1150 2855 1282 2912 ecclesia

221 2932 503 3023 praenuntiatam,
520 2965 559 3006 ne
570 2951 608 3008 ad
622 2953 744 3021 tempus
760 2965 777 3006 a
791 2949 878 3006 nobis
889 2950 993 3006 fictum
1009 2951 1228 3022 exsistimetur,
1243 2951 1281 3009 ab

223 3050 300 3121 ipsis
314 3048 500 3105 adversariis
518 3047 703 3119 proteratur,
718 3047 772 3103 ubi
787 3046 880 3104 etiam
903 3047 987 3118 ipsos
1014 3048 1207 3120 praedictum
1233 3051 1281 3104 est

224 3161 285 3204 non
300 3145 396 3202 fuisse
413 3145 585 3202 credituros
601 3163 627 3200 a.
642 3147 677 3200 ln
697 3159 837 3201 sermone
851 3159 926 3201 vero
940 3146 975 3200 l5
992 3145 1030 3201 de
1057 3152 1161 3206 nortus
1185 3147 1283 3202 Isaiae

225 3242 393 3316 (57,13)n.
413 3244 431 3297 7
453 3258 460 3297 :
480 3263 494 3291 «
511 3243 614 3300 Crevit
628 3243 682 3299 ille
698 3256 786 3298 mons
813 3243 958 3313 [montem
979 3242 1109 3304 ludaeos
1126 3243 1288 3323 intellige}

222 3342 289 3407 ⁴Quo
305 3341 387 3397 enim
409 3339 445 3395 iit
459 3336 648 3396 crescendo?
665 3341 725 3394 Per
747 3339 928 3395 universam
954 3342 1081 3396 terram.
1098 3342 1176 3396 Nam
1200 3353 1289 3397 mons

224 3436 280 3492 1116
292 3437 376 3493 unde
384 3436 544 3509 praecisus
559 3440 615 3504 est,
628 3449 690 3490 non
706 3434 872 3492 crescendo
882 3436 1021 3506 imptevtt
1033 3435 1213 3510 universam
1227 3439 1290 3493 ter·

223 3548 299 3603 ram,
320 3533 393 3604 quia
413 3533 473 3589 etsi
495 3533 705 3604 impleverunt
730 3534 909 3589 universam
935 3535 1049 3589 terram
1069 3532 1188 3603 ludaei,
1216 3533 1290 3605 quia

223 3629 366 3687 debellati
386 3632 506 3687 suntet
527 3643 615 3686 suam
629 3632 743 3685 terram
762 3629 972 3700 perdiderunt,
989 3628 1121 3700 dispersi
1143 3633 1216 3687 sunt
1231 3644 1290 3702 per

222 3728 337 3782 terram
351 3738 452 3796 poena
463 3725 644 3781 meritorum
656 3738 717 3780 non
732 3723 940 3793 magnitudine
953 3723 1210 3781 incrementorum
1225 3743 1252 3777 ».

259 3823 427 3879 XXXVIII.
446 3825 479 3892 B,
493 3822 547 3878 tol.
563 3823 598 3878 88
612 3821 647 3889 b;
661 3824 694 3891 G,
715 3821 768 3878 tol.
782 3822 832 3878 138
847 3836 874 3878 a.
885 3853 921 3862 —
942 3821 1097 3878 Lectiones
1112 3821 1264 3879 variantes
1279 3837 1287 3878 :

224 3919 252 3987 2,
266 3919 293 3973 2.
309 3916 481 3973 Prudentes
499 3917 572 3974 illae
586 3916 735 3986 virgines,
752 3919 792 3981 B;
811 3915 1010 3988 praeferenda
1025 3931 1098 3972 sane
1108 3917 1198 3974 lectio
1208 3917 1284 3975 cod.

226 4015 373 4072 calmont.
396 4014 490 4085 idque
504 4029 540 4071 co
560 4014 669 4084 magis,
691 4014 773 4085 quod
792 4014 848 4070 hac
871 4014 993 4071 demum
1014 4013 1149 4071 admissa
1157 4017 1185 4084 2,
1207 4017 1221 4072 1
1239 4029 1285 4086 sq.

226 4111 264 4172 ad
279 4127 434 4183 sponsum,
449 4115 478 4182 2,
494 4113 511 4168 3
526 4125 574 4182 sq.
590 4109 628 4166 ad
643 4122 788 4180 sponsam
812 4107 985 4165 reserantur
999 4108 1130 4180 ideoque
1143 4110 1287 4180 pulcher·

227 4208 304 4268 rime
316 4210 524 4282 respondeant
536 4207 643 4264 versui
654 4207 681 4275 1,
696 4206 724 4261 3.
739 4205 810 4276 -3,
825 4207 851 4263 3.
861 4209 973 4262 Domus
988 4205 1035 4262 dis
1049 4220 1119 4262 oum
1134 4207 1287 4275 omnibus,

1133 4328 1161 4378 11
