2992 5048
636 406 822 463 ..-160-

216 527 298 584 onim
314 527 449 584 salrator
463 525 605 592 abluitur,
617 527 681 597 jam
700 531 773 585 tune
787 527 820 584 in
840 531 979 585 nestrum
996 528 1184 600 baptismum
1208 532 1276 588 tota

215 640 295 697 aqua
309 625 474 683 mundatur
488 628 518 681 et
537 625 718 696 purificatur
731 626 811 696 fons,
841 629 876 682 ut
902 626 1053 683 secuturis
1080 627 1276 697 postmodnm

216 721 341 793 populis
353 721 467 778 lavacri
486 721 582 792 gratia
596 721 797 779 ministretur.
821 725 915 780 serm.
936 722 1095 780 Ambrosio
1113 724 1184 780 trib.
1205 725 1273 790 xli,

215 821 254 876 de
265 820 374 891 Epiph.
387 822 425 889 V,
441 834 472 875 n.
488 820 515 875 4.
531 820 552 876 1.
580 834 609 875 0.
625 834 657 891 p.
678 820 742 876 432.
763 851 799 860 -
827 821 854 874 2.
870 820 926 876 3«
944 820 1029 887 Quod
1041 820 1212 891 baptizatus
1232 821 1276 879 ad

215 915 384 971 orationem
399 928 433 970 se
447 913 607 983 convertit,
619 914 720 970 innuit
731 918 882 986 patenter,
896 914 944 972 his
959 915 1013 986 qui
1029 915 1174 986 baptizati
1187 916 1275 987 sunt,

216 1028 340 1085 semper
359 1013 564 1072 necessarium
581 1026 650 1069 esse
676 1026 766 1083 opem
794 1012 929 1069 divinam
942 1013 1109 1084 postulare,
1127 1017 1163 1069 ut
1180 1013 1213 1069 ln
1228 1026 1277 1082 ea,

216 1125 307 1184 qnam
325 1113 541 1183 perceperunt,
566 1109 807 1166 sanctificatione
826 1111 956 1167 ualeant
977 1123 1158 1181 permanere
1181 1111 1278 1167 etsie

216 1210 272 1266 sihi
286 1209 399 1281 aperiri
408 1208 536 1279 januam
548 1208 787 1265 coelestisvitae.
799 1209 885 1276 Quod
899 1209 1001 1265 statim
1009 1209 1192 1279 declaratur,
1205 1223 1277 1267 curn

214 1320 251 1362 eo
264 1306 417 1377 baptizate
433 1308 464 1362 et
477 1307 593 1375 orante,
609 1305 688 1360 coeli
704 1304 818 1376 aperiri
830 1304 1009 1361 reseruntur
1022 1307 1054 1360 et
1067 1305 1193 1376 spiritns
1208 1303 1278 1362 des·

213 1404 344 1461 cendone
357 1405 622 1459 commemoratur.
636 1403 810 1473 Baptismus
837 1403 951 1474 quippe
979 1403 1080 1458 coelos
1101 1406 1219 1460 reserat
1245 1405 1277 1458 et

213 1500 463 1574 perseverantiae
474 1501 601 1583 gratiam
616 1501 1107 1573 01010101101111011011..Ηοοο
1133 1501 1278 1559 Abaelar·

213 1600 270 1657 dus
285 1601 317 1655 in
332 1596 547 1667 SermoneJam
560 1598 696 1655 laudato.
716 1629 752 1638 -
766 1599 793 1668 3,
811 1600 824 1655 1
846 1614 912 1670 sqq.
934 1601 1100 1669 Postquam
1123 1599 1272 1670 exposuit,

211 1702 331 1769 patrem
355 1710 432 1752 voce
461 1709 494 1752 se
523 1695 745 1762 manifestasse,
764 1695 989 1752 ambrosiaster
1013 1697 1113 1765 (Bene,
1135 1696 1272 1767 inquam,

211 1799 299 1867 pater
313 1809 373 1850 vox
388 1797 419 1849 et
435 1793 517 1850 iilius
535 1792 664 1849 verbum
682 1792 804 1862 dicitur,
827 1793 899 1864 quia
917 1792 1047 1849 verbum
1071 1806 1134 1848 101
1155 1793 1216 1850 nisi
1238 1793 1276 1851 de

213 1905 290 1946 voce
303 1889 452 1960 procedit)
469 1889 567 1946 addit:
591 1907 603 1941 ‹
633 1892 697 1956 Qua
724 1892 826 1945 autem
847 1889 966 1944 ratione
994 1888 1125 1959 Spiritus
1151 1893 1276 1946 sanctus

215 1984 253 2041 ad
267 1984 422 2041 Christum
437 1983 469 2038 in
485 1983 585 2053 specie
599 1983 758 2040 columbae
773 1981 975 2052 descenderit,
990 1981 1160 2050 videamus,
1170 1986 1277 2039 utrum

216 2080 257 2136 sit
272 2080 376 2150 aliqua
392 2078 558 2136 similitudo
580 2079 739 2135 columbae
752 2080 803 2135 vel
827 2077 946 2134 Domini
967 2077 1046 2134 sicut
1065 2081 1113 2134 est
1135 2079 1219 2135 vocis
1247 2083 1277 2136 et

215 2177 317 2233 verbi.
332 2178 388 2233 list
400 2177 493 2246 plane
512 2189 572 2231 101
603 2189 712 2246 parva.
740 2175 916 2232 columbam
944 2175 1036 2260 enirn„
1053 2176 1144 2232 etiam
1171 2176 1275 2248 ipsum

216 2276 378 2332 Dominum
393 2274 531 2343 dixerim,
548 2275 620 2345 quia
631 2276 681 2330 cst
693 2275 803 2343 alacer,
819 2274 900 2329 mitis
916 2276 947 2329 et
962 2275 1101 2345 simplex.
1127 2275 1275 2332 Columba

216 2367 273 2442 est,
303 2372 376 2443 quia
399 2374 520 2427 sanctos
549 2385 621 2427 suos
646 2385 714 2426 osse
738 2371 895 2441 praecepit
911 2373 946 2427 ut
965 2370 1120 2427 columbas
1148 2371 1273 2429 dicens:

214 2470 321 2526 Estote
336 2467 491 2537 simplices
505 2470 539 2523 ut
548 2466 706 2522 columbae
719 2469 749 2522 et
762 2467 871 2523 volabo
886 2471 917 2523 et
930 2467 1121 2538 requiescam
1135 2484 1160 2522 1.
1175 2471 1274 2525 Sorm.

214 2563 376 2620 Ambrosio
391 2562 460 2618 trib.
476 2561 513 2631 X,
533 2563 571 2620 de
591 2564 699 2634 Epiph.
716 2565 767 2619 lll.
785 2566 891 2621 1.4.1.
908 2581 934 2620 0.
949 2580 980 2636 p.
1000 2567 1061 2622 429.
1081 2597 1115 2606 -
1129 2569 1156 2635 5,
1173 2568 1186 2623 1
1205 2581 1276 2638 sqq.

214 2677 231 2712 0
248 2659 335 2718 Unde
350 2663 381 2715 et
391 2659 470 2715 bene
484 2659 517 2715 in
531 2660 704 2730 hujusmodi
717 2675 783 2730 ave,
800 2676 878 2732 quae
895 2676 970 2733 prae
983 2663 1093 2719 cotoris
1109 2663 1139 2718 in
1154 2666 1277 2720 tantuin

214 2753 329 2811 blanda
342 2757 372 2810 et
383 2758 542 2811 mansueta
556 2769 625 2811 esso
645 2756 789 2826 creditur,
813 2760 849 2813 111
873 2757 1049 2814 iracundiae
1072 2757 1145 2815 10110
1170 2773 1275 2816 001010

217 2850 375 2906 dicatur».
394 2851 428 2906 ln
448 2865 588 2908 sermono
601 2853 724 2910 laudato
739 2853 957 2924 deEpiphania
969 2855 1166 2912 abaelardus.

252 2948 440 3002 XXXVll.B
454 2946 506 3002 fol.
523 2948 611 3015 88b.;
627 2952 648 3006 C
664 2949 716 3004 101.
736 2949 772 3004 33
792 2949 821 3005 h.
839 2981 874 2990 —
889 2951 1044 3007 Lectiones
1056 2951 1224 3010 variantes:
1247 2955 1276 3021 1,

215 3044 242 3111 4,
254 3045 403 3099 convivas
421 3044 528 3114 reficit,
548 3048 581 3113 B,
599 3049 706 3101 contra
723 3046 858 3115 rhythmi
868 3048 964 3117 leges.
986 3078 1022 3087 —
1033 3050 1060 3116 2,
1083 3049 1110 3104 3.
1129 3050 1205 3115 Quia
1220 3064 1278 3121 por

216 3142 355 3211 tanta,⁴B,
373 3155 535 3198 numerum
549 3143 736 3213 syllabarum
750 3145 851 3201 debito
867 3146 1015 3216 majorem
1028 3147 1192 3214 exlrihens3
1207 3162 1276 3219 per-

216 3251 323 3314 peram
337 3239 423 3295 Pitra
436 3239 608 3296 emendavit
633 3240 715 3301 Quia
722 3255 785 3309 per
799 3245 852 3297 tot.
867 3273 905 3284 -
918 3243 946 3313 3,
960 3244 988 3310 3,
1011 3257 1102 3315 quam
1121 3244 1275 3315 adunam,

217 3334 249 3389 C.
261 3362 299 3372 —
312 3333 340 3402 4,
354 3337 383 3402 2,
405 3337 546 3402 actorem,
561 3337 592 3392 C.

252 3431 441 3487 adnotanda:
463 3431 490 3499 3,
508 3433 534 3486 1.
555 3435 711 3502 Frequens
725 3434 912 3494 ludaeorum
933 3436 1032 3504 gentis
1060 3450 1167 3492 caecae
1187 3439 1280 3507 atquo

216 3525 378 3583 induratae
392 3527 424 3581 in
439 3527 558 3597 hymnis
573 3529 666 3586 medii
677 3531 744 3586 aeri
770 3531 805 3587 fit
823 3534 947 3589 mentio.
970 3536 1053 3600 Quae
1071 3533 1167 3590 10100
1184 3519 1281 3605 patri·

215 3624 275 3681 bus
289 3624 463 3682 didicerunt
476 3631 592 3696 poetae.
603 3630 657 3696 lta,
666 3631 701 3684 ut
715 3629 841 3700 aliquod
850 3632 960 3687 saltem
973 3631 1106 3701 speciem
1118 3631 1281 3701 adducam,

215 3736 273 3793 pro
296 3723 443 3779 concione
466 3723 540 3780 dixit
563 3726 767 3794 Augustinus:
795 3749 808 3777 α
831 3728 971 3784 Sciebant
995 3731 1098 3785 tamen
1126 3729 1282 3787 Christum

215 3819 316 3876 illium
328 3820 434 3877 Dauid.
450 3823 527 3877 Nam
542 3823 727 3879 etiamnunc
741 3829 868 3895 sperant
881 3826 983 3897 ipsum
997 3830 1175 3884 uenturum.
1197 3830 1284 3888 Latet

216 3928 280 3984 eos,
295 3915 378 3985 quod
391 3917 521 3985 uenerit,
533 3918 587 3975 sed
596 3919 831 3977 volenteslatot.
847 3925 955 3994 Neque
967 3924 1048 3979 enim
1064 3924 1090 3980 si
1098 3924 1282 3995 pendentem

216 4026 280 4068 non
294 4017 490 4082 agnoverunt
503 4018 533 4071 et
554 4020 733 4086 regnantem
756 4032 818 4075 non
843 4034 1010 4090 agnoscere
1036 4021 1218 4079 debuerunt.
1248 4024 1283 4078 ln

217 4107 307 4178 eujus
323 4108 406 4165 onim
427 4111 550 4168 nomine
565 4116 715 4171 vocantur
736 4118 766 4172 et
791 4116 1017 4174 benedicuntur
1043 4133 1148 4176 omnes
1172 4122 1280 4189 gentes

218 4205 278 4262 nisi
289 4207 322 4262 in
335 4205 413 4278 ojus,
432 4223 522 4278 quem
534 4214 644 4280 putant
658 4212 812 4270 Christum
829 4228 890 4271 101
906 4215 1004 4273 fuisse
1015 4216 1063 4271 1...
1087 4218 1199 4274 Vident
1217 4215 1283 4282 jam
