2992 5048
661 381 819 438 -lol-

213 501 310 561 verba
325 499 463 559 alludere
473 499 617 558 videntur
629 502 668 560 ad
679 503 734 559 illa
763 517 868 560 sacrae
899 501 1070 574 scripturae
1088 501 1201 573 :virgo
1215 503 1279 561 cir-

216 597 381 654 cumdedit
394 598 513 667 virum,
531 599 642 655 terem.
658 599 702 666 31,
716 600 766 655 22.
785 629 818 641 -
830 601 859 668 l,
876 600 901 656 1.
918 602 1000 656 Haec
1012 604 1131 671 et'quee
1145 615 1282 673 sequun-

214 697 266 750 tur
276 693 314 751 ad
325 693 530 751 visitationem
544 695 576 749 B.
594 695 636 751 M.
659 696 690 751 et
704 693 976 751 sanctificationem
989 694 1137 752 iohannis
1161 695 1280 767 Baptis-

214 797 265 850 tae
277 791 463 848 referuntur.

251 887 342 944 XLII.
358 889 379 944 C
393 885 446 943 sol.
462 887 497 941 78
509 901 535 943 a.
551 917 588 927 -
601 887 776 944 Adnotanda
794 903 800 944 :
818 889 860 943 De
872 888 969 942 metro
993 885 1186 955 hymnorum,
1201 901 1282 958 quae

217 987 398 1056 sequuntur,
415 984 486 1041 uide
501 998 578 1055 quae
591 984 630 1041 ad
643 984 793 1054 hymnum
806 987 845 1040 X.
862 983 1015 1040 adnotavi.
1031 1012 1067 1024 -
1080 984 1105 1055 1,
1120 986 1148 1052 2,
1163 984 1230 1041 dies
1256 1000 1274 1042 1

216 1081 360 1138 tenebris.
375 1082 444 1138 Dies
460 1082 598 1140 christus
618 1084 665 1138 est
691 1098 705 1135 c
721 1082 797 1147 Quia
812 1081 946 1138 1111111111
960 1080 1024 1137 dies
1039 1087 1087 1136 est
1097 1095 1198 1151 rarus,
1229 1081 1280 1138 die

218 1180 332 1237 saeculi
344 1180 505 1236 recedente
519 1194 641 1236 oramus
653 1183 683 1235 et
696 1180 841 1251 petimus,
858 1181 893 1236 ut
908 1193 1003 1250 super
1023 1192 1079 1236 nos
1099 1180 1152 1235 lux
1179 1179 1281 1236 denuo

217 1277 322 1334 veniat
336 1297 366 1336 o.
384 1277 553 1348 Cyprianus
569 1277 607 1334 de
622 1279 699 1334 orat.
714 1277 828 1334 domin.
845 1279 945 1348 Atque
959 1277 990 1332 in
1005 1277 1117 1346 hymno
1131 1277 1280 1333 matutino

219 1376 261 1432 ita
273 1375 450 1432 Ambrosius
470 1378 659 1431 servatorem
674 1375 851 1446 compellit:

444 1522 582 1588 Splendor
597 1525 731 1588 paternae
746 1522 863 1589 gloriae,

446 1611 488 1662 De
506 1611 571 1661 luce
585 1610 679 1662 lucem
695 1613 852 1676 proferens.

448 1699 510 1749 Lux
523 1699 598 1750 lucis
611 1704 639 1750 et
652 1701 718 1752 lons
730 1700 861 1760 luminis,

446 1786 530 1837 Diem
543 1787 614 1837 dle·
629 1786 811 1840 illuminans.

255 1957 283 2023 2,
298 1953 324 2013 1.
341 1956 486 2012 Similiter
499 1955 688 2025 Augustinus
708 1955 740 2010 in
754 1956 809 2013 illa
820 1956 916 2012 verba
932 1971 939 2009 :
954 1953 1063 2013 Sciens
1075 1955 1153 2028 quio
1167 1955 1282 2014 omnio

220 2053 306 2109 dedit
320 2052 348 2109 ei
356 2057 453 2122 poter
475 2053 510 2109 ic
534 2067 661 2110 roanos.
678 2055 798 2123 «Ergo,
815 2054 924 2125 inquit,
943 2058 973 2110 et
987 2054 1175 2112 traditorem.
1202 2059 1281 2113 Nam

220 2153 247 2209 si
261 2165 332 2209 eum
354 2151 387 2206 in
416 2151 555 2208 manibus
576 2165 638 2207 non
666 2152 803 2223 haberet,
832 2166 893 2208 non
919 2153 1026 2224 utique
1051 2154 1105 2210 illo
1136 2157 1276 2211 uteretur

218 2251 254 2306 ut
282 2249 388 2305 vellet.
421 2246 552 2303 Proinde
569 2246 634 2316 jam
662 2249 792 2304 traditor
817 2247 948 2304 traditus
976 2249 1095 2319 111111,
1111 2264 1202 2322 quem
1216 2253 1279 2307 tra·

219 2345 292 2402 dere
310 2343 452 2415 cupiebat
467 2361 491 2398 n.
507 2345 542 2400 ln
554 2346 669 2414 Evang.
686 2344 754 2402 ioli.
771 2360 797 2400 c.
816 2345 859 2414 13,
874 2349 961 2401 tract.
977 2347 1022 2401 55.
1038 2359 1068 2402 n.
1097 2348 1125 2402 5.
1153 2375 1190 2388 -
1201 2349 1232 2416 2,
1246 2349 1275 2403 2.

219 2462 232 2496 r
251 2444 295 2500 lbi
309 2457 382 2512 ergo
394 2443 485 2512 lupus
500 2441 590 2498 ovina
605 2443 688 2511 pelle
702 2446 859 2499 contectus
874 2447 905 2498 et
919 2443 1000 2498 inter
1014 2457 1089 2501 oves
1104 2444 1165 2500 alto
1179 2445 1277 2516 patris

216 2536 347 2594 familias
374 2533 502 2590 consilio
523 2535 683 2604 toleratus,
705 2534 821 2603 didicit,
848 2535 902 2591 ubi
923 2535 963 2592 ad
985 2538 1105 2607 tempus
1133 2537 1277 2606 exiguum

217 2634 410 2705 dispergeret
437 2644 559 2700 gregem
586 2631 707 2688 insidiis
733 2632 904 2703 appetendo
924 2636 1079 2702 pastorem
1096 2651 1120 2688 ›.
1143 2637 1274 2704 August

217 2734 252 2788 ln
273 2729 454 2787 11111111.
482 2730 525 2784 18.
551 2730 637 2784 11111.
664 2728 728 2785 113.
748 2744 778 2785 n.
794 2731 822 2784 2.
843 2759 879 2769 -
902 2732 931 2800 2,
952 2729 1109 2786 111111.
1128 2731 1173 2802 53,
1193 2733 1222 2787 7.
1239 2763 1277 2774 -

216 2831 245 2900 2,
260 2829 288 2896 1,
311 2847 325 2878 «
340 2830 404 2884 Nec
418 2825 588 2883 mirandum
604 2829 661 2895 est,
677 2827 759 2898 quod
782 2830 813 2883 et
830 2828 863 2883 in
876 2827 1008 2899 peccatis
1020 2829 1180 2885 hominum
1194 2830 1275 2887 Deus

217 2926 297 2983 hene
309 2926 463 2994 operatur.
479 2924 556 2978 Nam
570 2922 661 2977 etiam
673 2923 708 2978 de
719 2921 834 2979 scalere
849 2924 866 2979 J
869 2924 943 2979 udae
953 2923 1107 2980 traditoris
1126 2925 1273 2982 Dominus

219 3024 325 3078 noster
339 3021 470 3076 salutem
483 3018 607 3074 humani
619 3020 740 3088 generis
761 3024 904 3090 operatus
920 3023 975 3076 est.
990 3020 1048 3077 Sed
1059 3021 1117 3077 hoc
1131 3022 1271 3091 interest,

219 3116 301 3188 quod
315 3116 353 3172 de
368 3114 518 3186 cuiusque
531 3117 654 3186 peccato
668 3129 738 3171 cum
752 3115 867 3186 aliquid
880 3115 953 3172 honi
965 3118 1045 3173 Deus
1073 3116 1191 3188 fecerit,
1206 3119 1272 3190 ple-

216 3226 352 3283 rumque
368 3211 399 3268 id
414 3212 509 3267 nollet
522 3210 576 3267 ille
588 3213 738 3281 peccator,
756 3224 817 3267 non
843 3213 943 3268 solum
957 3213 1039 3282 quia,
1056 3213 1129 3269 dum
1155 3221 1272 3285 peccat,

217 3324 279 3367 non
291 3324 327 3366 eo
342 3312 449 3380 peccat
471 3309 580 3378 animo,
611 3322 671 3379 qua
697 3308 891 3379 providentia
906 3311 986 3365 Deus
1002 3309 1040 3366 de
1052 3314 1178 3381 peccato
1204 3313 1274 3384 ejus

217 3410 364 3479 operatur
373 3403 522 3475 justitiam
538 3386 609 3476 (non
624 3405 705 3460 enim
717 3405 774 3461 hoc
787 3406 888 3462 animo
902 3406 997 3463 ludas
1023 3407 1150 3466 tradidit
1173 3411 1277 3468 Chris-

213 3507 290 3571 tum,
315 3516 376 3574 quo
403 3499 502 3557 animo
518 3501 654 3557 Christus
670 3514 703 3557 se
723 3500 802 3556 tradi
816 3515 928 3571 passus
943 3503 1010 3569 est),
1027 3503 1188 3561 sedetiam
1203 3507 1277 3578 quia

215 3600 333 3673 peccati
352 3599 400 3655 sui
413 3600 565 3664 euentum,
581 3597 696 3653 cumin
712 3597 836 3668 aliquod
850 3598 973 3665 melius,
989 3599 1071 3670 quod
1086 3599 1154 3671 ipse
1166 3603 1274 3671 nollet,

215 3696 382 3770 pervenire
399 3694 586 3765 cognoverit,
614 3693 696 3750 dolet
710 3693 813 3764 potius
827 3708 919 3766 quam
943 3696 1084 3753 laetatur.
1111 3699 1277 3770 Tamquam

213 3797 241 3854 si
255 3809 412 3852 venenum
426 3792 537 3864 aliquis
551 3791 674 3847 inimico
691 3792 864 3860 aegrotanti
879 3791 945 3849 dari
962 3794 1092 3864 cupiens
1107 3793 1234 3852 fallatur
1244 3795 1277 3851 in

213 3894 319 3966 specie
337 3889 548 3949 medicamenti
564 3892 594 3945 et
607 3889 690 3945 aliud
710 3889 842 3960 proelio
869 3892 1005 3947 salutare
1019 3892 1136 3964 aliquid
1157 3893 1275 3963 offerat,

213 3992 269 4048 fiat
283 3993 315 4047 et
329 4003 422 4060 aeger
436 4001 536 4045 sanus.
546 3987 599 4043 Dei
614 3984 773 4053 beneficio,
791 3988 844 4058 qui
859 3987 978 4044 facinus
993 3989 1110 4046 inimici
1122 3990 1190 4061 ejus
1204 4006 1276 4048 con-

210 4090 336 4143 vertere
350 4085 450 4142 voluit
461 4085 492 4141 in
505 4083 633 4140 salutem
648 4101 674 4138 1.
689 4084 818 4152 August.
846 4085 941 4141 serm.
960 4084 994 4140 10
1012 4085 1050 4142 de
1061 4087 1178 4145 iudicio
1193 4089 1277 4146 Salo·

211 4184 309 4242 monis
328 4198 359 4240 n.
375 4184 401 4239 5.
