2992 5048
667 454 703 509 ¹-
722 423 832 480 au·-

717 598 828 726 cxix

590 824 640 893 Dn
663 841 794 892 cancro
816 821 937 889 Grcun.

276 1050 306 1118 1.
366 1049 525 1118 Lucerna
539 1048 655 1138 posita
672 1053 808 1136 *super
818 1044 1066 1115 candelabrum

365 1163 486 1234 Gildae
506 1161 726 1253 prudentia*
744 1161 886 1252 citaque
903 1162 1082 1251 speculum
1163 1170 1166 1179 '

361 1275 490 1346 Verbis
508 1296 572 1344 nos
592 1277 784 1358 instruunt,
799 1280 815 1316 *
835 1275 999 1364 exemplis
1014 1282 1222 1364 provocant,

366 1395 533 1465 Errantes
551 1391 744 1482 corrigunt,
765 1393 973 1482 *torpentes
992 1391 1156 1461 excitant.

301 1654 309 1671 .
365 1605 555 1673 Lucernam
573 1603 673 1673 nobis
692 1602 782 1672 hane
799 1604 885 1671 *lux
902 1622 985 1673 vera
1004 1603 1163 1688 contulit,

367 1719 474 1796 Quam
490 1737 557 1786 non
578 1718 812 1788 submodio*
835 1717 993 1786 concludi
1013 1718 1169 1808 pertulit,

367 1833 509 1927 Stellam
524 1834 613 1902 hanc
632 1832 840 1921 naufragis*
858 1833 914 1901 sol·
926 1852 1031 1904 verus
1050 1832 1180 1922 posuit,

367 1949 434 2017 Per
452 1969 556 2037 quam
571 1948 615 2017 ad
629 1949 776 2036 patriam
791 1947 984 2016 *ducatum
1003 1945 1181 2036 praebuit.

305 2223 313 2239 .
369 2171 433 2241 llic
449 2171 651 2240 indeficiens
669 2169 685 2205 *
704 2177 757 2239 est
777 2177 953 2260 tamquam
977 2173 1153 2262 Hesperus

370 2285 544 2354 Extremis
564 2284 778 2354 imminens*
797 2293 971 2355 terrarum
994 2288 1167 2377 partibus,

375 2400 441 2468 Ubi
457 2399 672 2468 Britanniam
689 2396 706 2432 *
724 2399 868 2488 cingens
882 2400 1040 2471 Oceanus

377 2513 560 2583 immensis
578 2514 711 2582 aridam
729 2512 746 2548 *
768 2515 950 2583 contundit
963 2516 1138 2585 fluctibus.

308 2774 316 2791 .
376 2724 447 2794 Has
461 2732 577 2814 parles
596 2725 749 2794 incolens
762 2735 779 2772 ’¹‘
791 2746 878 2815 gens
890 2726 997 2795 armis
1015 2732 1171 2811 strenua,

375 2829 463 2912 Cum
482 2843 536 2911 his
553 2843 756 2911 inminerint
773 2841 886 2909 *belli
903 2841 1115 2927 discrimina,

373 2958 439 3026 Pro
459 2958 559 3047 siguo
577 2955 730 3026 bellico*
748 2956 868 3025 Gildae
886 2957 1069 3058 clementia

375 3075 463 3143 Tuta
479 3092 541 3163 per
559 3072 721 3162 gladios*
731 3071 923 3161 procedunt
937 3072 1087 3161 agmina.

311 3350 320 3369 .
378 3301 487 3388 Cuius
507 3307 560 3371 est
575 3299 692 3384 [Ruia]
708 3298 724 3334 *
743 3320 806 3370 usa
825 3299 1012 3390 suffragiis,

377 3414 479 3484 Fides
494 3415 666 3504 intrepida
683 3414 700 3450 *
718 3422 788 3484 stat
806 3422 841 3483 et
858 3416 894 3483 in
909 3415 1061 3505 proeliis,

379 3531 491 3618 Super
505 3529 560 3599 his
579 3529 725 3620 gloria*
743 3529 846 3598 simul
866 3538 901 3601 et
918 3530 997 3599 aliis

380 3643 524 3713 Divinae
538 3643 671 3734 gratiae
689 3652 705 3689 *
724 3643 770 3714 sit
782 3644 973 3716 beneficiis.

642 4057 907 4076 *—
