2992 5048
532 827 640 895 Ferus
667 847 811 903 uuum

585 965 629 1018 Ad
643 965 766 1020 Laudes.

139 1168 171 1234 1.
229 1166 326 1243 Quod
346 1172 440 1237 aetus
459 1166 588 1236 saeculi
606 1169 622 1206 *
640 1165 763 1253 quinta
783 1161 984 1254 perducitur

229 1277 284 1346 Ad
302 1277 430 1348 Christi
450 1285 617 1368 tempora,
636 1280 653 1316 ²*
672 1299 694 1348 a
714 1277 831 1346 multis
851 1275 1012 1358 truditur,

231 1394 270 1462 ln
286 1395 406 1464 muudi
423 1395 551 1464 senio*
572 1415 684 1464 nurus
699 1392 743 1463 ad
761 1399 931 1473 veterem,

229 1511 274 1580 Ut
294 1530 374 1579 eum
393 1517 549 1589 renovet.
568 1509 728 1579 *missus
747 1516 800 1578 est
814 1507 1001 1578 huminem.

150 1719 184 1788 ἓ.
244 1719 422 1788 Deiectum
440 1721 570 1789 virium
588 1723 783 1790 *senectus
802 1720 944 1810 patitur,

240 1833 285 1902 Et
304 1833 422 1902 mundi
443 1832 579 1902 senium
592 1837 609 1872 *
632 1832 697 1903 hoc
711 1839 803 1903 recte
823 1832 960 1918 dieitur,

236 1948 376 2038 Exque
395 1950 576 2033 consulere
595 1949 612 1985 *
630 1949 743 2018 virtus
755 1947 920 2018 altissimi

245 2064 418 2134 Bonorum
434 2064 591 2133 omnium
606 2069 623 2106 *
640 2065 736 2134 venit
754 2065 913 2134 defectui.

174 2328 183 2344 .
241 2273 318 2344 Jem
334 2274 598 2365 praeterierat*
613 2283 750 2365 patrum
767 2274 899 2365 religio,

174 2458 177 2465 ,
242 2389 434 2479 Prophetae
453 2389 638 2476 deerant*
656 2390 779 2460 deiecit
797 2391 925 2471 uneti0,

240 2505 328 2572 Cum
346 2504 440 2574 hune
453 2504 632 2574 inunxerit
648 2507 665 2544 *
684 2504 800 2574 divina
818 2505 943 2594 gratia,

242 2619 308 2695 Qui
326 2618 529 2708 spiritaliter
546 2617 563 2653 *
578 2626 757 2690 restaurat
774 2621 901 2688 omnia.

177 2891 185 2907 .
243 2840 392 2908 Perenni
406 2837 580 2909 nominos
598 2852 725 2929 perpes
742 2840 788 2909 sit
804 2837 927 2930 gloria,

243 2954 475 3045 Exquosunt,
487 2974 666 3045 perquem
680 2954 837 3038 sunt,*in
851 2974 918 3044 quo
933 2959 1016 3021 sunt
1026 2952 1142 3021 omnia
1162 2975 1170 3017 :

242 3067 294 3135 Ex
312 3089 380 3158 quo
398 3076 492 3155 sunt,
513 3075 614 3159 puter
627 3076 693 3150 est,
707 3073 724 3108 ‘⁸
742 3089 804 3159 per
825 3089 929 3158 quem
947 3072 1041 3153 sunt,
1062 3065 1167 3147 filius,

243 3183 283 3250 In
300 3203 368 3271 quo
386 3193 480 3270 sunt,
503 3184 613 3275 patris
632 3185 694 3254 et*
712 3185 773 3253 iiiii
793 3183 949 3273 spiritus.
