2992 5048
583 430 725 485 -.97-

588 623 716 692 XXXII

538 724 540 734 1
553 764 585 816 ln
597 761 613 812 3
623 763 779 815 Noctuine.

240 1011 247 1027 .
305 961 415 1038 Quam
432 959 572 1027 beatum
591 965 607 1000 *
626 967 776 1029 stratum
795 961 859 1030 hoc
877 961 1065 1047 straminis,

303 1075 431 1143 Tantae
450 1073 540 1143 lalus
553 1079 570 1116 *
585 1075 677 1164 quod
693 1076 822 1165 pressit
836 1077 996 1167 virginis,

304 1191 376 1268 Quo
400 1191 567 1280 parvulus
586 1196 603 1231 *
622 1212 769 1261 nascens
789 1192 972 1282 excipitur,

302 1303 409 1393 Cujus
424 1305 567 1394 palmo*
585 1306 720 1375 coelum
740 1286 972 1376 concluditur.

240 1579 248 1594 .
307 1530 344 1595 ln
363 1527 484 1598 sericis
505 1531 521 1568 *
541 1529 682 1618 reginae
697 1537 831 1599 ceierae

311 1643 453 1711 Summo
472 1643 585 1711 solent
599 1650 616 1685 *
636 1643 752 1713 dolore
769 1666 903 1734 parere,

305 1756 395 1825 Vilis
408 1755 509 1824 strati
525 1764 541 1801 *
559 1757 682 1826 beatus
704 1752 849 1829 lectulus

304 1869 424 1938 Omnis
442 1868 506 1938 full
523 1877 540 1914 *
556 1870 683 1939 doloris
703 1874 854 1942 nescius.

244 2143 252 2157 .
310 2093 443 2183 Regum
460 2094 578 2163 salis*
597 2093 631 2160 ia
653 2091 815 2161 alimonia

311 2208 399 2277 Sunt
417 2210 560 2278 subacta
578 2207 595 2242 *
615 2207 787 2274 nutricum
804 2205 925 2290 ubera,

304 2321 479 2391 Educatur
497 2320 614 2391 *lacte
632 2320 802 2410 virgineo,

305 2435 412 2526 Virgo
430 2435 579 2505 clauso*
598 2456 703 2525 quem
721 2435 811 2504 rudit
831 2444 943 2504 utero.

243 2709 251 2722 .
307 2655 400 2724 Nulli
416 2661 564 2746 regum*
583 2656 673 2722 inlec
689 2661 738 2723 lot
754 2654 887 2745 epulae,

307 2771 400 2838 luter
418 2773 531 2838 lanias
549 2779 565 2814 *
584 2776 617 2838 el
632 2777 681 2838 tol
698 2769 840 2838 delicias

308 2889 514 2955 Concessum
529 2895 593 2968 est,
612 2890 628 2926 *
648 2893 685 2953 ut
703 2886 790 2953 lacte
808 2884 958 2974 virginis

307 3000 390 3076 Quis
408 2999 449 3067 de
468 2999 540 3068 suis
559 2999 574 3034 *
593 2999 704 3066 alatur
722 2999 889 3086 parvulis.

250 3271 257 3286 .
315 3220 422 3306 Virgo
441 3239 568 3307 pauper
586 3219 771 3288 *loclussis
786 3221 907 3302 esurit,

312 3336 406 3413 Quae
424 3323 646 3423 parvulum*
667 3335 730 3402 hoc
751 3334 839 3403 lacte
866 3334 989 3420 reficit,

313 3451 460 3540 Stupeul
479 3449 576 3530 coeli,
597 3447 613 3484 *
632 3450 801 3517 mirantur
820 3449 931 3537 augeli

306 3564 515 3654 Obsequio*
535 3563 693 3632 lactantis
712 3563 838 3633 seduli.

245 3831 252 3846 .
310 3781 348 3847 ln
367 3778 513 3848 excelsis
533 3777 550 3812 *
568 3778 612 3847 sil
632 3779 707 3845 Deo
722 3777 841 3866 gloria,

311 3893 412 3962 Pacis
433 3892 532 3961 nohis
550 3891 616 3960 *in
635 3898 729 3959 leura
747 3890 901 3971 foedera,

312 4009 422 4086 Quam
443 4028 550 4097 super
570 4008 624 4077 his
637 4009 654 4044 *
672 4028 772 4097 uoces
792 4007 967 4096 angelicae

307 4127 514 4196 Decanlasse
532 4124 548 4159 *
566 4131 759 4194 noscuntur
778 4123 889 4195 hodie.
