2992 5048
748 455 870 510 -5-

278 577 368 668 quod
388 575 507 646 notitia
526 574 652 643 codicis
672 596 692 645 a
713 576 801 645 uiris
816 576 926 646 doctis
953 594 1022 642 000
1041 581 1117 642 erat
1148 575 1336 644 admodum

280 699 421 763 remota.
439 691 623 760 tamenim
639 711 728 759 anuo
749 691 852 779 hujus
867 689 998 759 saeculi
1010 691 1066 775 55,
1078 695 1345 759 salaccuratam

280 805 406 876 codicis
424 802 689 892 descriptionem
713 805 747 874 J.
766 803 979 888 Caroaodet‚
1010 803 1242 874 bibliothecae
1260 806 1344 876 Cal-

283 928 464 990 montauae
483 929 597 989 custos
615 920 650 988 in
671 921 782 990 lucem
801 919 971 990 dederat¹
988 927 1022 988 et
1039 939 1130 988 anno
1159 921 1245 991 1818
1274 921 1344 990 Leo

283 1035 447 1107 Gauthier
464 1036 501 1104 in
520 1055 633 1126 opere,
654 1037 745 1126 quod
764 1036 807 1105 de
826 1036 980 1105 carmine
1000 1034 1090 1123 apud
1109 1035 1226 1104 Gallos
1245 1036 1342 1124 cpico

283 1152 497 1239 conscripsit,
521 1171 681 1241 magnam
700 1155 735 1219 in
753 1153 931 1221 Breviorio
947 1151 1172 1220 Paraclilensi
1190 1151 1341 1242 hymno-

284 1287 361 1334 rum
387 1267 519 1355 copiam
554 1267 764 1336 ineditorum
796 1267 916 1349 latero,
948 1267 1062 1356 palam
1100 1267 1344 1335 monuerat².

287 1378 383 1448 Unde
402 1398 481 1447 cum
501 1397 590 1447 anno
605 1380 760 1468 proxime
779 1380 907 1469 elapso,
923 1385 961 1446 ut
979 1378 1155 1447 Analectis
1175 1379 1345 1470 hymnicis

287 1495 408 1563 silvam
448 1515 620 1582 pararem,
653 1495 862 1564 celebriores
895 1494 1085 1564 Galliarum
1115 1494 1348 1567 bibliothecas

288 1609 486 1691 inviserem,
524 1608 785 1677 Calmontanam
818 1629 885 1676 non
923 1608 1153 1697 praetermisi.
1189 1611 1345 1699 Cumque

289 1723 460 1792 evolventi
480 1722 632 1792 codicem
651 1744 817 1791 numerus
837 1722 1045 1812 hymnorum
1067 1723 1159 1791 haud
1179 1745 1348 1812 spernen-

293 1837 357 1905 dus
378 1857 414 1906 se
432 1837 583 1912 offerret.
600 1859 660 1927 pro
676 1839 838 1929 benigna,
854 1860 923 1930 qua
941 1841 983 1908 A.
1000 1839 1140 1921 Martio,
1158 1840 1349 1912 bibliotho-

292 1968 352 2016 cae
389 1948 483 2016 illius
513 1957 639 2035 000100,
675 1949 777 2038 pollet
811 1950 983 2034 comitate,
1015 1955 1053 2017 ut
1072 1948 1180 2018 codex
1195 1952 1350 2022 Parisios

293 2055 599 2141 transmitteretur,
622 2057 713 2125 nullo
732 2059 867 2146 negotio
887 2055 1034 2125 obtinui.
1061 2057 1111 2124 lbi
1132 2065 1349 2147 perscrutato

293 2168 328 2237 in
348 2189 485 2238 omnem
498 2177 631 2260 portem
649 2170 774 2256 codice,
797 2171 1083 2260 operaepretium
1108 2171 1281 2241 iacturum
1296 2194 1351 2243 me

297 2304 373 2352 0000
405 2284 569 2368 intellexi,
604 2287 717 2354 sinon
751 2306 808 2354 000
841 2285 953 2354 solum
972 2286 1129 2376 hymnos,
1159 2287 1219 2376 qui
1238 2287 1353 2360 adhuc

296 2400 331 2467 in
350 2401 462 2469 lucem
493 2422 561 2469 000
598 2401 808 2489 prodierant,
842 2403 902 2469 sed
940 2402 1349 2472 omnesomninodenuo

293 2513 441 2583 ederem.
460 2515 556 2593 Quod
579 2534 647 2604 quo
667 2515 790 2583 melius
809 2516 909 2583 heret
944 2522 978 2583 et
1010 2516 1163 2584 codicem
1200 2516 1350 2585 Bruxel-

241 2679 243 2682 ι
295 2629 427 2698 lensem
441 2628 650 2699 iterumnec
668 2629 742 2697 sine
761 2629 878 2696 fructu
898 2629 1042 2697 contuli.

336 2739 460 2815 Codex
490 2741 742 2814 Bruxellensis
762 2741 1085 2832 (1111014710158)
1106 2744 1353 2813 membraneus

292 2861 452 2929 soliorum
465 2862 520 2941 96,
542 2860 577 2926 10
597 2859 665 2927 line
681 2879 835 2943 mancus,
848 2859 939 2927 altus
959 2859 1049 2942 155,
1068 2859 1159 2927 latus
1176 2859 1254 2944 11,5
1268 2880 1352 2942 cm,

295 2995 336 3042 ex
349 2993 467 3042 eorum
487 2991 625 3063 genere,
642 2993 727 3061 quos
747 2971 881 3040 codices
900 2972 1025 3040 mixtos
1042 2971 1186 3060 (Gallice
1212 2973 1354 3052 recueil)

296 3108 469 3172 00000000,
481 3107 549 3156 000
564 3106 634 3155 uno
654 3089 820 3174 scriptore
840 3107 924 3154 0000
935 3094 999 3172 001,
1014 3087 1106 3155 inter
1127 3107 1214 3176 quos
1240 3087 1358 3155 nullus

292 3203 427 3272 saeculo
444 3204 521 3270 Xlll
550 3203 730 3291 posterior.
752 3201 834 3268 lude
852 3201 1020 3270 01011081
1046 3222 1157 3289 usque
1176 3189 1364 3278 00110000,Ι

293 3337 397 3385 manu
410 3317 536 3385 saeculi
547 3318 667 3385 saltem
677 3316 752 3383 Xlll
763 3315 957 3399 inexorati,
969 3315 1072 3383 nullis
1087 3315 1356 3404 inscriptionum

295 3433 403 3503 titulis
421 3431 584 3514 distincti,
605 3430 722 3520 hymni
737 3437 883 3498 currunt
897 3430 1084 3519 nonaginta
1114 3439 1196 3513 tres,
1219 3432 1254 3498 in
1284 3437 1358 3499 tres

294 3548 400 3616 libros
421 3546 574 3615 lotidem,
593 3544 873 3634 praefatiunculis
901 3543 1018 3628 divisi,
1051 3566 1201 3634 quorum
1224 3544 1359 3633 primus

295 3663 444 3747 feriales,
465 3663 553 3730 alter
567 3643 719 3751 hymnos
733 3659 776 3726 de
796 3664 960 3747 tempore,
975 3679 1061 3748 quos
1080 3666 1216 3746 vocant,
1235 3660 1361 3729 tertius

303 3805 306 3814 ι

300 3825 507 3842 ffl

304 3887 312 3903 ’
327 3924 350 3974 1.
365 3924 463 3976 1101100
477 3936 528 3976 sur
547 3922 574 3974 10
592 3920 735 3973 Brevlaire
755 3917 924 3979 d'Abailard,
937 3919 1072 3973 conserve
1092 3920 1109 3972 a
1128 3919 1157 3971 10
1168 3916 1365 3982 bibliotheque

301 4012 335 4065 do
353 4013 512 4066 chaumont
523 4011 756 4077 (flaute-Marue).
770 4007 861 4068 Paris,
878 4006 948 4058 1855.

329 4100 353 4152 2.
370 4101 425 4152 Les
437 4099 743 4166 epoptesFranoaises,
752 4098 773 4158 1,
783 4110 810 4160 p.
820 4095 885 4145 312«
903 4096 949 4148 Un
962 4096 1051 4161 grand
1059 4098 1178 4150 nombre
1193 4095 1227 4148 de
1239 4093 1369 4159 rytbmes

299 4188 403 4241 inedits
418 4187 579 4241 d’hbailard
591 4201 623 4240 00
633 4189 763 4239 trouvent
774 4183 846 4235 (1000
863 4183 890 4235 10
902 4182 1041 4236 breviaire
1056 4185 1094 4237 du
1105 4185 1244 4246 Paraclet,
1260 4182 1310 4247 qui
1322 4181 1366 4232 est

303 4278 438 4332 conserve
449 4279 467 4330 0
479 4278 508 4329 10
517 4274 712 4342 Bibliothhque
727 4274 761 4326 de
774 4273 934 4325 Chaumont
947 4274 1169 4337 (flaute-Marna)
1185 4291 1211 4327 o.
