2992 5048
628 429 761 482 ...2-

164 547 277 638 magis
294 533 478 616 tacendum
495 567 574 618 esse
587 568 797 638 persuasum
812 546 1028 632 mihihabeo‚
1040 549 1132 637 quod
1144 572 1224 621 eru·

161 662 356 734 ditissimos
368 684 523 754 quosque
537 664 633 734 nulla
646 663 715 734 alia
728 664 800 734 vita
819 664 897 755 plus
916 683 957 734 ea
975 664 1112 734 incendi
1131 667 1224 736 abri-

162 779 268 870 pique
287 780 457 858 existimo,
479 800 585 870 quam
614 782 689 871 ipse
712 780 756 849 de
787 799 825 848 se
851 780 1067 849 Ahaelardus
1086 781 1166 852 data
1184 783 1229 852 ad

162 893 315 961 amioum
334 893 508 982 quendam
522 893 669 983 epistola
689 893 906 984 conscripsit,
928 913 1102 984 quamque
1117 893 1230 964 hislo-

165 1009 257 1078 riam
295 1008 531 1078 calamitatum
564 1030 711 1079 suarum
748 1009 922 1102 appellare
956 1018 1224 1080 consueverunt.

163 1125 263 1194 Mitto
276 1134 463 1215 praeterea·
474 1146 555 1196 cum
569 1126 662 1196 vitae
678 1127 787 1218 gestis
799 1125 907 1196 libros
915 1126 958 1196 ab
969 1147 1007 1195 eo
1018 1128 1226 1216 compositos

165 1259 285 1308 omnes
304 1239 391 1308 nihil
410 1238 563 1310 hocloco
587 1247 728 1330 praeter
746 1241 955 1332 hymnorum
973 1243 1050 1330 cyus
1068 1240 1229 1311 carmina

161 1356 377 1426 adtacturus.

204 1470 249 1539 Et
266 1469 449 1560 scripsisse
468 1491 506 1540 se
525 1471 673 1562 hymnos
692 1473 766 1562 ipse
779 1472 996 1542 Ahaelardus
1015 1472 1116 1542 nohis
1130 1470 1228 1542 testis

156 1592 226 1656 est.
264 1587 301 1654 ln
339 1584 485 1674 epistola
521 1587 615 1654 enim
648 1588 693 1655 ad
730 1588 925 1656 Heloissam
958 1588 1226 1678 nuncupatoria,

158 1718 265 1786 quam
291 1718 493 1792 sermonum
519 1699 608 1768 libro
640 1699 863 1789 praelationis
890 1701 1002 1770 instar
1034 1700 1225 1792 praemisit,

159 1814 372 1883 mentionem
390 1814 519 1903 ingerit
537 1814 580 1882 de
599 1814 715 1884 libello
743 1815 894 1906 quodam
912 1816 1123 1907 hymnorum
1148 1838 1169 1884 a
1189 1836 1227 1889 se

157 1947 270 2017 nuper
306 1927 469 2017 precibus
507 1930 588 2016 ejus
620 1937 872 2000 consummato.
911 1929 1102 1999 Plurimum
1140 1949 1232 1999 vero

157 2043 380 2132 maximaque
398 2062 478 2111 oum
504 2042 761 2113 existimatione
789 2045 826 2112 in
851 2044 1227 2115 condendismodulis-

160 2175 231 2246 qne
266 2156 483 2225 exornandis
506 2156 720 2226 carminibus
753 2177 835 2226 eum
866 2178 1006 2248 operam
1041 2159 1229 2228 collocasse

161 2291 244 2340 cum
263 2291 327 2339 suo
349 2270 461 2359 ipsius
479 2278 552 2340 tum
577 2271 755 2342 Heloissae
771 2264 901 2342 'uxoris
919 2274 1114 2343 testimonio
1130 2293 1228 2342 com-

162 2385 344 2477 probatur.
366 2387 461 2456 Haeo
478 2386 573 2456 enim
598 2386 658 2456 illa
675 2390 716 2456 iu
731 2387 876 2478 epistola
894 2388 937 2457 ad
952 2391 1134 2478 conjugem
1155 2386 1224 2475 lin-

159 2509 216 2568 ter
241 2498 405 2589 epistolas
431 2497 620 2569 Abaelardi
644 2500 810 2591 secunda)
831 2522 841 2570 ι
865 2522 881 2565 r
902 2503 995 2580 Quae
1022 2502 1142 2591 regina
1167 2499 1224 2567 uel

158 2619 368 2703 praepotens
405 2612 534 2682 femina
564 2612 701 2702 gaudiis
736 2613 823 2682 meis
852 2633 919 2682 non
951 2612 1129 2682 invidebat
1167 2609 1223 2680 vel

156 2724 354 2797 thalamis?
379 2725 602 2810 Duoautem,
624 2726 745 2812 fateor,
773 2725 835 2796 tibi
861 2727 1056 2816 specialiter
1072 2729 1225 2810 inerant,

158 2837 290 2928 quihus
308 2838 517 2940 seminarum
542 2840 776 2928 quarumlibet
794 2838 927 2908 animos
946 2839 1063 2908 statim
1081 2839 1223 2910 allicere

160 2962 315 3044 poteras,
337 2952 527 3024 dictandi¹
546 2954 705 3024 videlieet
730 2960 764 3023 et
783 2952 954 3024 cantandi
969 2955 1092 3044 gratia.
1126 2956 1223 3033 Quae

162 3074 299 3138 ceteros
328 3067 471 3136 minime
498 3067 720 3158 philosophos
743 3072 919 3136 assecutos
942 3087 1018 3136 esse
1045 3069 1219 3136 novimus.

162 3181 299 3262 Quibus
319 3181 459 3271 quidem
477 3183 577 3271 quasi
599 3181 680 3250 ludo
706 3182 855 3270 quodam
882 3180 1037 3251 laborem
1065 3183 1221 3250 exercitii

164 3298 331 3367 recreans
362 3295 601 3388 philosophici,
632 3296 795 3388 pleraque
827 3296 991 3365 amatorio
1024 3303 1134 3366 metro
1164 3297 1221 3364 uel

162 3412 328 3505 rhythmo
348 3414 536 3503 composito
563 3412 733 3502 reliquisti
763 3411 929 3497 carmina,
948 3430 1037 3499 quae
1054 3429 1138 3498 prae
1166 3411 1223 3478 ni·

163 3529 236 3598 mia
268 3529 439 3599 suavitate
466 3535 537 3598 tom
568 3524 776 3598 dictaminis
793 3547 898 3616 quam
929 3526 1060 3596 cantus
1085 3525 1224 3615 saepius

160 3644 395 3734 frequentata,
417 3651 517 3713 tuum
536 3645 571 3712 in
591 3663 650 3713 ore
678 3642 832 3746 omnium
859 3660 982 3710 nomen
1008 3639 1224 3710 incessanter

159 3914 210 3967 ³15
224 3928 291 3982 sqq;
303 3915 373 3978 1870,
394 3916 410 3968 3
432 3929 494 3983 sqq.
506 3916 675 3982 Nuperrime
687 3929 723 3967 ex
736 3913 852 3967 officina
873 3912 1047 3967 Herderiaua
1063 3911 1168 3978 prodiit
1187 3911 1222 3961 R.

161 4004 282 4064 steorte,
292 4004 515 4058 Abaelardsllttl
529 4019 564 4056 ru
576 4004 711 4058 Soissons
720 4000 902 4057 verurteilter
913 4001 1104 4055 tractatusde
1114 3999 1227 4052 unitate·

159 4096 191 4145 et
207 4093 335 4146 trinitate
351 4094 457 4147 divina.
471 4093 621 4160 Freiburg,
639 4093 708 4145 teet.

193 4182 217 4233 t.
235 4182 387 4236 Dletsmen
411 4183 499 4236 medii
521 4185 584 4238 aevi
600 4183 790 4250 scriptoribus
807 4180 886 4235 idem
905 4184 1021 4236 omnino
1043 4194 1077 4234 ao
1100 4189 1226 4239 carmen,

158 4270 269 4326 dictare
279 4271 356 4326 idem
369 4285 404 4326 ao
414 4287 517 4327 versus
532 4273 712 4327 concinnare.
