2992 5048
746 435 894 491 ..51-

759 658 870 727 XVIII

671 821 779 890 ann
805 841 972 890 SECUNDA.

730 986 775 1038 nd
790 984 914 1038 Laudes.

281 1188 313 1254 I.
376 1188 519 1255 Aetates
539 1187 765 1276 temporum*
784 1185 963 1275 nostrique
982 1185 1135 1274 corporis

375 1302 489 1370 Dirini
510 1302 709 1372 numerus*
730 1302 932 1393 praesignat
949 1302 1075 1390 operis,

376 1418 521 1486 Dierum
537 1418 700 1486 novimus
718 1417 734 1453 *
759 1418 794 1485 in
810 1417 875 1486 hoc
894 1417 1070 1486 senarium

372 1532 417 1600 Et
435 1551 497 1599 sex
517 1537 650 1600 aetates
671 1533 782 1599 sunt*
798 1529 918 1599 mundi
937 1530 991 1597 vel
1007 1528 1198 1597 hominum.

288 1773 321 1792 ..
379 1724 419 1791 ln
440 1723 513 1793 Noe
534 1724 669 1812 primns
690 1724 731 1791 fit·
747 1723 764 1759 *
782 1723 905 1792 aetatis
924 1723 1107 1805 terminus,

377 1838 493 1905 Instar
508 1835 675 1905 infantiae
693 1837 709 1874 *
733 1857 837 1926 quam
853 1841 947 1904 recte
961 1836 1131 1925 ponimuS‚

381 1947 643 2019 Similitudine*
657 1928 806 2038 pandam
825 1947 868 2016 ad
888 1947 1024 2038 singula
1082 2021 1084 2027 ‚

383 2066 458 2139 Lux
478 2066 596 2154 prima
610 2065 792 2133 continet*
810 2063 934 2132 horum
954 2063 1129 2153 mysteria.

317 2308 324 2323 .
386 2257 482 2324 Tune
497 2255 752 2344 incomposita*
770 2256 858 2325 sacta
875 2255 1034 2325 materies

378 2370 574 2438 Formanda
589 2369 751 2458 deinceps
766 2374 782 2409 *
800 2376 874 2437 erat
892 2370 927 2437 in
946 2370 1089 2458 speciae,

374 2486 418 2553 Et
437 2485 523 2553 rude
543 2485 750 2554 saeculnm*
767 2484 880 2573 Iegem
898 2491 1142 2580 nonnoverat,

375 2601 448 2669 Nee
462 2608 556 2669 aetas
576 2604 739 2669 terrena*
756 2608 896 2668 rectum·
909 2600 992 2689 quid
1007 2600 1146 2690 cogitat.

312 2849 319 2863 .
380 2796 498 2864 DeIeta
516 2796 612 2884 prior
630 2801 683 2863 est
700 2799 716 2834 *
736 2801 831 2862 aetas
847 2794 988 2877 diluvio,

371 2919 433 2987 Sic
451 2926 486 2987 et
505 2918 685 2986 infantiam
704 2927 721 2963 *
743 2917 833 2985 delet
851 2915 988 3000 oblivia,

375 3039 413 3103 In
434 3035 613 3124 primodie
632 3037 722 3104 lux*
741 3039 903 3102 narratur
921 3033 1056 3102 condita

376 3151 419 3218 Et
434 3150 537 3218 istam
551 3149 690 3216 inchoat
707 3151 723 3186 ’²‘
742 3149 853 3217 lucem
872 3147 1026 3215 infantia.

312 3395 319 3408 .
378 3343 442 3410 Est
456 3348 491 3411 et
505 3340 566 3408 lux
586 3339 665 3409 fidei
680 3347 696 3382 *
710 3340 878 3429 quaenam
896 3341 1100 3423 minoribnS,

376 3458 486 3534 Quam
504 3454 604 3543 quasi
620 3454 779 3543 parvuli*
794 3455 943 3542 primum
957 3456 1184 3544 suscepimuS‚

376 3569 474 3636 Hanc
492 3587 630 3655 quoque
649 3567 810 3655 speeies*
827 3567 901 3656 ipsa
920 3566 1061 3638 diluerit
1147 3562 1152 3570 ’

375 3683 464 3751 Cum
479 3681 534 3749 vel
549 3702 643 3749 nune
661 3679 860 3750 credimus*
879 3682 987 3750 videri
1002 3683 1163 3773 eoeperit.

311 3926 318 3942 .
378 3873 532 3943 'Perenni
553 3873 696 3942 Domino
715 3871 731 3908 *
750 3895 871 3964 perpes
891 3878 936 3945 sit
953 3878 1074 3968 gioria,

373 3989 425 4057 Ex
440 4010 509 4078 quo
522 3997 616 4072 sunt,
633 4009 695 4078 per
706 4010 809 4078 quem
818 4000 911 4077 sunt,
922 3995 938 4030 *
949 3994 983 4060 in
994 4014 1060 4082 qno
1076 3993 1300 4063 suntnmnia:

371 4108 420 4174 Ex
438 4124 507 4194 quo
526 4112 620 4191 sunt,
642 4113 738 4194 pater
760 4106 855 4192 est*
874 4129 1051 4197 perquem
1070 4115 1162 4193 sunt,
1185 4108 1289 4192 filius,

374 4223 410 4288 In
431 4240 499 4308 quo
519 4226 613 4306 sunt,
636 4220 746 4308 patris
762 4218 827 4290 et*
847 4222 907 4289 filii
928 4224 1081 4312 spiritua.
