2992 5048
619 425 779 482 ..233-

668 603 744 672 CIX

589 745 721 809 Hymnus
741 739 821 792 alter.

237 962 247 982 .
303 912 498 1002 Temptavit
516 911 664 982 Satanas
682 915 698 952 *
715 909 781 978 Job
801 905 908 975 multo
926 904 1049 986 levius

304 1028 415 1105 Quam
427 1026 556 1095 Christi
577 1033 777 1113 martyrem,
793 1030 809 1066 *
827 1023 857 1090 si
876 1019 1013 1110 seriptis
1039 1015 1226 1102 oredimus,

305 1142 393 1211 Cum
411 1142 517 1211 rebus
529 1142 658 1210 liberos
676 1149 692 1185 *
710 1140 775 1209 Job
789 1138 929 1228 quidem
942 1132 1101 1226 perdidit,

306 1257 373 1329 Sed
394 1257 436 1325 ad
452 1256 646 1326 solatium*
664 1274 806 1324 uxorem
826 1252 960 1320 hebuit.

241 1459 251 1497 2
305 1407 371 1476 Job
391 1409 481 1477 inter
493 1407 650 1498 cognitos
668 1411 731 1476 *et
749 1426 847 1474 caros
865 1404 1027 1495 perstitit,

307 1523 440 1602 Quibus
456 1525 664 1594 miseriam*
684 1523 799 1592 levare
820 1523 945 1613 potuit,

306 1638 373 1707 Hio
390 1639 497 1708 rebus
516 1640 680 1709 omnibus
697 1639 882 1728 *privatus
901 1638 1038 1706 exsulat

306 1754 350 1821 Et
368 1755 511 1823 trahens
526 1755 709 1844 conjugem
725 1755 741 1791 *
757 1752 1075 1843 parvulos-bajulat.

241 1953 251 1970 .
306 1904 375 1973 Pro
395 1905 498 1975 naulo
512 1908 693 1996 conjugem
714 1909 730 1945 *
750 1913 854 1974 nauta
872 1906 1028 1987 retinuit,

307 2019 467 2109 Arreptis
478 2021 668 2111 parvulis*
687 2022 740 2090 vir
759 2041 918 2090 moerens
930 2020 1026 2105 abiit,

310 2133 445 2204 Doloris
458 2135 607 2223 rumulo,
628 2135 644 2171 *
663 2135 754 2224 quod
774 2135 886 2204 solum
901 2136 1029 2219 deerat,

311 2247 430 2337 Captis
444 2256 478 2320 et
498 2247 881 2340 parvulis—*temptator
900 2258 1078 2338 aggregat.

241 2445 250 2464 .
305 2398 394 2467 Nam
413 2400 444 2468 ei
464 2400 564 2490 paulo
583 2409 659 2490 post
673 2400 798 2469 *huno
816 2401 918 2488 lupus
932 2399 1076 2469 obstulit

302 2511 440 2601 Leoque
458 2515 618 2597 aiterum,
638 2517 655 2553 *
673 2535 837 2603 praesens
856 2513 890 2581 id
910 2513 1085 2605 prospicit,

303 2624 422 2694 Rebus
440 2635 474 2696 et
487 2627 666 2714 conjuge*
685 2629 843 2717 natisque
863 2626 1005 2716 perditis

304 2737 469 2828 Magister
487 2741 635 2810 militum
651 2740 668 2777 *
687 2743 797 2811 servit
817 2740 1006 2810 rusticolis.

239 2935 249 2955 .
303 2887 370 2956 Job
388 2909 452 2957 sua
472 2890 636 2960 Dominus
654 2891 789 2980 *dupio
801 2889 956 2959 restituit

305 3001 350 3070 Et
368 3002 441 3072 dies
456 3006 603 3094 amplius
616 3013 633 3050 *
643 3008 815 3094 jucundos
830 3005 1000 3094 praebuit,

308 3114 398 3184 Sunt
417 3116 497 3186 huic
516 3117 672 3187 redditi*
691 3120 816 3206 coniux
835 3126 871 3187 et
887 3118 1000 3201 liberi,

307 3229 448 3301 Palmae
462 3234 621 3324 martyrii
639 3234 656 3270 *
676 3253 719 3301 ne
738 3232 851 3302 desint
865 3234 961 3302 socii.

241 3427 250 3447 .
307 3376 430 3450 Overe
449 3382 591 3452 Domino
609 3383 626 3420 *
644 3390 745 3474 grata
764 3384 923 3468 societas,
986 3415 988 3443 =

306 3494 334 3565 0
353 3497 536 3568 ineffabilis
556 3504 572 3540 *
591 3499 710 3568 divina
728 3499 852 3589 pietas,

307 3610 394 3678 Cum
413 3612 487 3680 viro
505 3613 716 3704 conjugem*
733 3615 836 3683 simui
854 3633 894 3681 ao
912 3613 1041 3682 liberos

306 3724 410 3795 Fides
431 3725 489 3818 [et]
510 3728 658 3818 passio*
683 3729 776 3798 misit
793 3727 837 3797 ad
856 3749 1011 3818 superos.

240 3923 249 3940 .
307 3873 401 3944 Laus
418 3878 513 3966 jugis
527 3877 701 3947 Domino*
720 3898 911 3971 perpesque
928 3877 1056 3967 gloria,

310 3989 418 4077 Cujus
431 4001 513 4062 sunt
532 4000 730 4085 martyres*
746 3995 865 4064 invicti
883 3994 1012 4084 gratia,

307 4104 361 4174 Ad
381 4108 587 4197 quemdum
608 4112 751 4200 cupiunt
771 4112 863 4199 *per
884 4116 1030 4178 mortem
1046 4104 1231 4200 [teudere],

309 4220 392 4290 Post
410 4230 557 4293 mortem
576 4226 771 4295 insonant*
784 4243 935 4314 perenne
968 4223 1099 4293 virere.
