2992 5048
674 429 816 484 ...71-

216 547 414 606 similitudine
429 547 570 605 subtilior
584 550 794 624 prolixiorque
811 551 976 622 disputatio
994 552 1041 607 est
1052 548 1222 607 Abaelardo
1243 547 1277 604 in

215 645 409 716 Expositione
423 658 513 717 saepe
531 647 655 705 laudata
669 649 702 704 in
724 651 932 707 Hexaemerou
948 661 955 702 ε
976 667 991 698 «
1004 647 1217 704 Distatautem
1230 646 1280 702 in·

214 746 263 799 ter
280 742 444 811 imaginem
456 745 486 799 et
498 743 741 816 similitudinem,
758 746 841 818 quod
853 745 1019 803 similitudo
1034 744 1080 801 roi
1090 724 1194 816 potest
1206 742 1278 813 dici,

208 838 298 912 'quod
310 839 552 897 convenientiam
568 842 704 915 aliquam
716 843 807 900 habet
820 857 893 901 cum
905 843 983 913 ipsa,
1003 841 1086 899 unde
1112 841 1214 898 simile
1232 840 1280 898 illi

217 937 277 994 dici
285 939 494 1008 queat.1niago
508 952 583 995 vero
599 944 873 1010 expressatantum
883 939 1049 996 similitudo
1063 937 1188 1006 dicitur,
1200 937 1282 994 sicut

217 1032 337 1101 figurae
348 1033 504 1089 hominum
520 1048 598 1105 quae
611 1050 668 1106 per
683 1037 806 1106 singula
819 1035 956 1092 membra
975 1033 1142 1106 perfectius
1159 1045 1213 1089 θοε
1228 1047 1279 1088 re-

219 1132 417 1201 praesentant
429 1147 453 1184 i.
468 1130 513 1187 Ad
526 1131 691 1201 imaginem
705 1132 800 1203 igitur
814 1133 869 1190 Dei
886 1131 1054 1189 secundum
1067 1129 1281 1198 Ahaelardum,

218 1227 381 1297 Augustini
393 1228 534 1298 vertigiis
557 1229 778 1298 inhaerentem,
796 1231 883 1289 solus
897 1231 947 1287 vir
961 1231 1081 1286 creatus
1098 1230 1156 1298 θεῖ,
1169 1226 1284 1284 femina

221 1323 260 1380 ad
274 1322 503 1380 similitudinem
513 1327 632 1382 tantum
653 1325 708 1382 liei
732 1325 812 1382 lacta
829 1343 862 1382 :‹
883 1325 960 1393 Quia
984 1339 1056 1395 ergo
1086 1323 1136 1381 vir
1161 1322 1283 1392 dignior

222 1434 315 1492 quam
326 1419 438 1477 femina
452 1424 507 1489 θεῖ,
524 1425 555 1478 θῖ
567 1436 624 1492 per
638 1424 696 1479 hoc
720 1425 782 1480 Deo
797 1422 936 1490 similior,
952 1423 1052 1492 imago
1067 1420 1135 1492 ejus
1153 1419 1281 1490 dicitur,

221 1521 336 1577 lomina
349 1534 423 1576 vero
436 1520 612 1586 similitudo,
635 1535 705 1577 cum
714 1521 782 1592 ipsa
796 1521 888 1577 etiarn
904 1521 983 1577 sicut
993 1521 1042 1575 vir
1053 1533 1109 1592 per
1132 1518 1282 1575 rationem

219 1621 253 1691 et
267 1619 523 1674 immortalitatem
537 1619 657 1675 animae
669 1623 765 1676 Deum
782 1619 930 1675 imitetur.
945 1619 1001 1676 Vir
1013 1622 1116 1675 autem
1127 1618 1185 1674 hoc
1196 1617 1282 1672 insu-

221 1730 279 1786 per
288 1715 389 1784 habet,
400 1730 460 1787 quo
472 1718 533 1772 Deo
549 1716 680 1773 similior
690 1715 752 1785 ilai,
765 1717 846 1788 quod
862 1717 940 1773 sicut
956 1715 1084 1772 omniaa
1097 1719 1157 1772 Deo
1169 1713 1283 1770 habent

223 1827 303 1883 esse,
317 1813 360 1869 ita
374 1826 411 1869 ex
424 1826 486 1869 uuo
498 1813 566 1870 viro
579 1813 746 1871 secundum
760 1814 917 1872 traducem
929 1814 1068 1885 corporis
1092 1815 1154 1868 tam
1167 1811 1283 1878 femina

225 1911 294 1981 ipsa
305 1924 396 1982 quam
403 1913 501 1967 totum
514 1923 612 1980 genus
626 1912 793 1968 humanum
808 1912 930 1968 initium
945 1911 1037 1967 hahet
1057 1928 1081 1963 i.
1100 1913 1197 1977 Quam
1212 1909 1283 1967 doc·

223 2008 335 2064 trinam
353 2007 541 2065 abaelardus
567 2008 603 2064 ab
634 2010 804 2078 Augustino
830 2012 987 2066 mutuasse
1014 2006 1188 2064 censendus
1224 2009 1282 2076 θεῖ,

223 2105 337 2176 quippe
346 2104 400 2176 qui
410 2105 441 2160 in
453 2105 530 2161 libro
546 2105 584 2163 dc
598 2106 709 2162 Genesi
724 2106 761 2162 ad
773 2107 894 2162 literam
906 2107 958 2174 xl,
972 2121 997 2161 c.
1011 2106 1055 2161 42.
1065 2102 1259 2162 haechabeat
1273 2120 1281 2159 :

223 2202 294 2255 ‹iiu
308 2200 450 2271 quiahoc
464 2200 588 2258 credere
601 2202 669 2272 ipse
678 2215 739 2257 non
748 2205 863 2272 posset,
879 2204 1042 2272 propterea
1056 2201 1168 2256 mulier
1182 2198 1285 2256 addita

225 2299 284 2366 est,
296 2310 374 2367 quae
386 2297 475 2368 parvi
490 2297 665 2354 intellectus
685 2300 768 2354 esset
788 2301 820 2354 et
840 2298 939 2355 adhuc
961 2297 1092 2354 fortasse
1113 2296 1284 2354 secundum

223 2408 348 2450 sensum
360 2394 472 2465 carnis,
488 2409 549 2451 non
563 2373 736 2452 secundum
747 2395 890 2464 spiritum
902 2395 1014 2450 moniis
1034 2395 1166 2463 viveret,
1184 2397 1214 2451 et
1228 2394 1287 2450 lioc

220 2495 279 2562 θεῖ,
292 2492 374 2563 quod
388 2491 415 2548 ei
431 2493 588 2563 apostolus
603 2506 665 2548 non
678 2491 786 2548 tribuit
795 2491 959 2561 imaginem
970 2487 1048 2548 Dei?
1063 2491 1110 2548 Sic
1123 2489 1206 2545 enim
1221 2488 1286 2545 ait:

222 2584 276 2639 Vir
287 2583 409 2656 quidem
418 2598 480 2640 non
487 2584 577 2641 debet
587 2587 694 2641 velare
707 2588 798 2655 caput
807 2598 909 2654 suum,
925 2584 997 2656 quia
1010 2584 1109 2651 imago
1135 2584 1166 2637 et
1185 2582 1286 2651 gioria

221 2681 276 2738 Dei
291 2684 338 2738 est
357 2682 407 2736 ›.1
424 2683 491 2751 Cor,
507 2681 552 2750 11,
567 2683 597 2739 7.
614 2711 651 2723 -
661 2683 689 2750 6,
705 2682 733 2737 4.
743 2681 861 2739 Alludit
874 2685 965 2752 poeta
989 2681 1027 2738 ad
1047 2678 1285 2736 celeberrimum

224 2777 312 2832 illum
325 2776 426 2833 locum
451 2776 489 2833 ad
510 2777 659 2847 Ephesios
679 2778 707 2843 5,
732 2777 775 2833 32.
798 2777 898 2833 Aliam
926 2775 1158 2847 explicationem
1173 2777 1287 2830 exnu-

221 2872 343 2943 gustino
356 2873 437 2930 Beda
458 2874 546 2930 affert
560 2875 591 2931 in
610 2874 842 2946 quaestionibus
859 2889 953 2945 super
973 2872 1116 2941 Genesin,
1135 2870 1189 2927 uhi
1207 2871 1283 2927 haec

221 2967 351 3037 legimus
367 2983 375 3022 :
393 2985 408 3021 c
423 2969 457 3023 ln
471 2971 573 3025 mente
587 2969 713 3038 scilicet,
729 2968 750 3023 i.
766 2982 797 3024 e.
824 2968 856 3023 in
878 2968 998 3024 ratione
1027 2970 1058 3023 et
1077 2965 1282 3034 intelligentia

220 3064 289 3134 ipsa
299 3064 402 3135 itaque
420 3079 517 3134 mens,
532 3065 605 3123 dum
620 3065 733 3134 cogitat
746 3079 791 3132 ea,
821 3079 900 3136 quae
925 3068 1050 3121 aeterna
1079 3065 1161 3131 sunt,
1177 3062 1278 3129 imago

220 3159 275 3215 Dei
287 3160 415 3217 dicenda
429 3164 485 3218 est.
499 3161 664 3230 Cogitando
677 3165 801 3217 aeterna
813 3161 863 3215 vir
877 3163 925 3216 est
936 3160 1016 3216 sicut
1035 3158 1107 3215 dicit
1122 3155 1281 3228 apostolus

221 3257 358 3314 Paulus:
376 3257 432 3314 Vir
453 3273 520 3316 non
538 3260 624 3314 debet
642 3261 749 3315 velare
768 3261 866 3327 caput
888 3271 995 3325 suum,
1018 3253 1149 3312 comsit
1172 3253 1282 3321 imago

219 3352 346 3420 gloriae
358 3353 417 3411 Dei
431 3356 469 3424 (l.
488 3358 556 3412 Cor.
572 3356 617 3424 11,
631 3358 671 3424 7),
682 3355 701 3410 1.
720 3369 745 3410 θ.
761 3358 1031 3426 quantumcunque
1055 3366 1089 3408 se
1112 3347 1283 3406 extenderit

220 3451 303 3518 inid,
319 3452 401 3521 quod
415 3455 574 3509 aeternum
587 3455 645 3522 est,
665 3456 749 3528 tanto
766 3452 862 3521 magis
877 3451 949 3508 inde
960 3449 1110 3507 formatur
1123 3447 1161 3504 ad
1176 3445 1282 3515 imagi,-

220 3562 292 3604 nem
310 3549 364 3604 Dei
381 3552 413 3606 et
425 3551 494 3607 ideo
509 3565 571 3607 non
599 3555 647 3607 est
672 3549 848 3619 cohibenda,
872 3553 908 3605 ut
934 3563 967 3605 se
986 3547 1056 3603 inde
1081 3545 1236 3602 contineat
1251 3555 1287 3598 ac

216 3648 381 3715 temperet.
395 3647 519 3714 Quando
533 3662 609 3704 vero
625 3662 661 3703 oa
675 3648 737 3716 agit
750 3646 801 3702 vel
814 3645 936 3714 cogitat,
952 3657 1032 3714 quae
1047 3644 1119 3698 sunt
1132 3644 1284 3709 tempora-

217 3740 270 3811 lia,
284 3743 396 3800 mulier
416 3746 601 3816 appellatur,
627 3749 701 3801 tunc
726 3757 788 3799 non
816 3746 864 3800 cst
882 3741 1010 3799 dicenda
1033 3741 1133 3807 imago
1153 3736 1219 3806 Dei,
1254 3737 1286 3790 et

217 3841 382 3907 propterea
399 3839 489 3896 debet
501 3841 607 3896 velare
621 3844 713 3911 caput
725 3853 824 3906 suurn,
840 3852 880 3894 ne
907 3837 1001 3893 nimia
1015 3836 1055 3892 sit
1078 3833 1117 3890 ad
1130 3831 1280 3889 inferiora

218 3935 406 4004 progressio,
416 3950 465 4005 ne,
479 3951 549 3993 cum
564 3937 648 3993 licita
663 3939 743 4006 agat,
769 3935 877 3992 illicita
896 3933 1092 4004 concupiscat
1109 3948 1137 3988 i.
1155 3931 1194 3986 Et
1205 3928 1281 3984 haec

220 4031 347 4101 mystico
356 4033 449 4103 plane
460 4048 555 4091 sensu
568 4049 630 4091 non
644 4048 759 4103 carere,
771 4033 848 4088 iinor
858 4032 937 4089 forte
947 4030 1103 4088 abundare
1114 4025 1280 4084 dixeris.—

219 4127 247 4195 7,
260 4126 287 4181 4.
301 4129 342 4183 Ι)θ
356 4129 499 4199 paradiso
514 4131 589 4186 liaec
611 4128 849 4199 inilxposiiione
862 4128 894 4182 in
916 4120 1126 4182 Hexaemerdn
1139 4120 1283 4178 Abaelar-

221 4222 288 4294 dus,
301 4238 379 4295 quae
390 4226 542 4297 subjicere
555 4241 617 4282 non
634 4226 687 4283 abs
701 4240 736 4282 re
751 4239 820 4282 esse
835 4225 975 4281 existimo
990 4239 997 4278 ε
1013 4218 1285 4290 ερεοιεοάοῖεειι-
