2992 5048
675 397 836 454 -167-

216 516 259 585 te,
276 516 367 583 Deus,
383 517 464 572 Deus
479 517 595 575 tunso
610 520 644 575 tu
659 519 750 589 Deus,
764 519 853 577 unxit
863 521 894 576 te
911 520 990 575 Deus
1001 520 1085 574 tuus.
1102 518 1182 574 Deus
1197 516 1288 585 ungi-

216 616 268 669 tur
283 627 301 670 a
314 617 386 669 Deo.
402 614 522 670 Etenim
535 615 567 671 in
577 617 685 674 Latino
697 620 826 690 putatur
841 618 922 675 idem
935 630 1026 674 casus
1048 614 1180 672 nominis
1195 628 1285 686 repe-

217 708 292 766 titus
310 725 317 764 :
332 708 366 764 in
376 710 491 766 Graeco
506 714 607 768 autem
619 713 854 770 evidentissima
868 712 1022 770 distinctio
1030 713 1093 780 est,
1103 711 1176 782 quia
1188 723 1286 767 unum

218 821 331 864 nomen
345 810 403 878 est,
418 808 499 879 quod
510 811 723 881 compeliatur,
739 815 771 868 et
786 812 919 869 alterum
929 810 966 866 ab
976 824 1023 879 eo,
1039 809 1093 881 qui
1110 809 1284 880 compellat.

219 906 313 964 Unxit
325 909 357 961 te
371 908 461 963 Deus.
475 907 497 963 0
511 909 545 963 tu
556 909 648 975 Deris,
659 909 750 966 unxit
759 914 791 966 te
801 912 881 965 Deus
890 913 982 976 tuus;
1007 905 1195 977 quomodosi
1207 908 1287 963 Deus

218 1001 351 1059 diceret:
361 1004 527 1073 Propterea
534 1006 623 1062 unxit
631 1008 672 1075 te,
682 1021 699 1063 o
710 1009 744 1062 tu
754 1009 848 1072 Deus,
856 1008 936 1062 Deus
946 1008 1029 1061 tuus.
1039 1004 1086 1061 Sic
1096 1004 1232 1074 accipite,
1244 1003 1289 1059 sic

220 1098 398 1168 intelligite,
413 1099 456 1155 sic
471 1100 503 1156 in
513 1102 628 1158 Graeco
639 1101 908 1160 evidentissimum
916 1103 971 1157 est.
983 1102 1064 1169 Ergo
1074 1100 1142 1172 quis
1152 1101 1287 1156 estDeus

221 1199 335 1253 unctus
354 1210 372 1252 a
386 1195 467 1254 Deo?
479 1198 585 1257 Dicant
595 1199 690 1258 nohis
700 1201 819 1259 Judaci.
836 1199 1009 1272 scripturae
1021 1197 1097 1255 istae
1110 1210 1287 1254 communes

222 1299 306 1352 sunt.
323 1299 440 1354 Unctus
457 1303 504 1356 est
516 1300 597 1357 Deus
618 1314 636 1356 a
651 1302 713 1357 Deo
726 1303 872 1358 :unctum
887 1298 985 1367 audis,
1005 1297 1159 1355 Christum
1173 1296 1289 1353 inteili-

214 1407 271 1463 sge.
285 1396 407 1452 Etenim
422 1397 590 1455 Christusa
606 1399 773 1457 chrismate
800 1399 858 1454 hoc
876 1409 997 1466 nomen,
1017 1395 1099 1466 quod
1116 1395 1289 1467 appellatur

222 1492 375 1563 Christus,
385 1495 541 1552 unctionis
556 1500 605 1553 est
618 1510 675 1554 nec
687 1498 719 1553 in
741 1498 844 1569 aliquo
863 1496 923 1552 aiio
943 1492 1136 1564 ungebantur
1154 1506 1243 1563 reges
1257 1496 1288 1550 et

223 1590 401 1648 sacerdotes
414 1593 474 1648 nisi
490 1594 522 1649 in
548 1595 603 1651 ilio
627 1608 734 1665 regno,
757 1595 811 1652 ubi
836 1594 974 1651 Christus
1000 1591 1239 1664 prophetabatur
1259 1600 1291 1652 et

221 1690 396 1759 ungebatur
422 1695 453 1747 et
468 1692 551 1749 unde
580 1698 747 1750 venturum
774 1694 840 1747 erat
859 1689 971 1747 Christi
986 1701 1096 1744 nomen
1113 1704 1136 1741 ι.
1155 1690 1282 1756 August.

221 1789 330 1845 Enarr.
345 1789 379 1845 in
394 1792 444 1847 ΡΒ.
460 1791 506 1860 it,
523 1805 553 1847 n.
571 1792 798 1849 inunctorum
815 1787 1059 1852 maximumtam
1072 1799 1176 1855 regem
1196 1799 1287 1855 quam

215 1885 397 1956 'pontificem
412 1886 486 1943 dicit
513 1887 774 1958 hymnographus,
805 1886 877 1956 quia
900 1886 932 1939 et
957 1897 1046 1952 reges
1069 1886 1100 1939 et
1126 1880 1285 1952 pontifices

220 1983 367 2040 unctione
392 1985 659 2043 consecrabantur.
677 1985 738 2043 Cir.
753 1984 1011 2044 Retractationum
1023 1982 1074 2039 lib.
1093 1983 1116 2056 i,
1131 1996 1157 2037 c.
1172 1982 1219 2051 26,
1232 1979 1286 2037 uhi

220 2082 413 2151 Augustinus
430 2099 437 2139 :
455 2101 468 2137 ι
486 2083 568 2155 quod
577 2083 648 2152 dixi,
664 2084 775 2154 inquit,
790 2082 867 2153 dirps
876 2083 977 2155 pisces
998 2081 1074 2138 duas
1088 2081 1158 2136 ilias
1169 2078 1285 2148 signiti-

222 2191 294 2234 care
308 2193 459 2249 personas
472 2182 588 2250 regiam
608 2182 727 2247 scilicet
746 2185 776 2237 et
790 2180 1019 2249 sacerdotalem,
1036 2177 1073 2235 ad
1096 2191 1173 2248 quas
1191 2175 1284 2232 etiam

219 2282 418 2334 sacrosancta
445 2279 501 2336 iiia
525 2279 629 2336 unctio
657 2277 847 2350 pertinebat„
875 2277 1037 2335 dicendum
1066 2274 1168 2347 potius
1199 2271 1282 2329 fuit:

218 2371 348 2428 maxime
361 2374 545 2445 pertinebat,
570 2375 716 2446 quoniam
740 2376 850 2431 unctos
876 2372 1040 2444 aliquando
1064 2374 1095 2428 et
1116 2370 1283 2442 prophetas

217 2464 349 2537 legimus
371 2488 396 2527 a.

251 2568 406 2624 XLV1.-
420 2569 516 2639 C,tol.
529 2571 565 2626 79
584 2583 659 2626 a.-
671 2567 1006 2627 Lectioneavariantesz
1023 2567 1049 2633 1,
1066 2566 1092 2633 4,
1103 2564 1189 2632 villo,
1201 2563 1234 2620 G.
1248 2593 1284 2604 —-

218 2663 413 2722 adnotanda:
439 2669 522 2734 Quae
545 2667 578 2723 in
592 2667 649 2723 hoc
667 2669 698 2722 et
711 2664 912 2737 sequentibus
929 2662 1062 2734 hymnis,
1085 2661 1190 2732 parvis
1205 2673 1283 2731 quas

218 2761 331 2818 vocant
339 2762 425 2819 horis
439 2763 682 2832 accommodatis,
696 2764 785 2834 ponit
795 2762 992 2829 Abaelardus,
1004 2759 1111 2817 eadem
1123 2758 1189 2815 tere
1199 2760 1282 2826 sunt,

220 2873 299 2930 quae
333 2859 367 2915 in
392 2859 522 2917 horariis
562 2861 717 2932 passionis
762 2859 941 2926 dominicae,
979 2869 1111 2930 quorum
1151 2868 1281 2924 magnus

220 2955 321 3012 medio
344 2970 420 3012 aevo
442 2971 588 3014 numerus
609 2957 642 3013 in
666 2959 768 3014 lucem
790 2957 915 3027 prodiit,
939 2954 1154 3027 reperiuntur3
1177 2966 1283 3024 equo-

218 3066 289 3108 rum
304 3066 432 3109 numero
456 3054 585 3111 maxime
598 3054 817 3125 pervulgatum
834 3056 882 3109 est
894 3053 991 3108 iilud:
1006 3050 1105 3107 Patris
1118 3048 1279 3120 sapientia,

216 3149 333 3206 veritas
349 3148 454 3206 divina
468 3150 549 3222 apud
565 3154 656 3209 Mone
672 3153 694 3221 1,
709 3151 760 3206 106
774 3164 840 3220 sqq.
857 3150 920 3207 Gir.
937 3164 971 3206 v.
986 3163 1013 3218 g.
1027 3150 1137 3205 Mene:

280 3306 317 3358 Νο
332 3306 383 3356 82:
403 3308 478 3358 Hora
490 3305 582 3371 prima
596 3305 700 3357 ductus
713 3308 757 3355 est
772 3306 857 3356 Jesus
869 3299 904 3352 ad
913 3298 1050 3350 Pilatum.

278 3395 316 3446 N⁰
330 3393 362 3444 83
376 3411 382 3444 ι
401 3396 477 3446 Hora
488 3395 582 3459 prima
592 3391 716 3458 praesidi
729 3395 828 3457 captus
840 3389 1045 3455 praesentatur.

254 3486 256 3490 ’
277 3484 315 3562 Nr
329 3483 381 3533 95:
400 3483 444 3534 Ad
453 3485 574 3552 primam
587 3484 784 3547 praesentatus
798 3492 829 3530 es
842 3484 872 3528 tu
879 3476 1003 3542 praesidi
1015 3474 1123 3525 Pilato.

249 3670 312 3746 Sed
323 3671 399 3728 haec
413 3673 524 3742 omnia,
539 3675 575 3728 ut
587 3672 687 3742 primo
705 3667 838 3726 intuenti
864 3665 957 3735 patet,
973 3659 1141 3718 Abaelardo
1162 3660 1268 3730 poste·

213 3769 298 3827 riora
313 3773 401 3826 sunt.

250 3867 371 3924 XLVII.
389 3829 421 3934 Β,
436 3866 494 3924 fol.
512 3868 592 3925 791).
606 3897 640 3908 -
654 3865 808 3924 Lectiones
833 3859 985 3918 vadantes
1001 3857 1050 3925 :2,
1066 3855 1094 3922 3,
1111 3852 1277 3925 premitus,

213 3967 248 4022 B.
267 3994 304 4045 ··.
316 3961 489 4021 adnotanda
504 3980 511 4018 :
532 3964 768 4022 ConterMone:

277 4133 314 4184 Νο
329 4131 378 4182 82:
398 4131 539 4198 crucifige
554 4134 702 4185 clamitant
717 4131 788 4183 hora
798 4126 952 4186 tertiarum.

278 4221 315 4271 N·
331 4220 380 4271 83:
399 4221 474 4273 Hora
488 4235 555 4274 vero
571 4222 655 4273 tertia
671 4220 731 4271 dire
745 4215 913 4284 flagellatur,
