2992 5048
641 413 815 493 y-loa-

208 536 251 592 ita
262 536 335 594 dod.
350 536 565 606 Bruxeliensis,
577 536 657 607 quod
668 549 834 608 perperam
844 535 920 605 legit
933 535 1016 591 Pitra
1030 538 1153 593 Domus
1168 538 1275 595 domt-

209 630 261 688 ιιίο
276 647 351 689 cum
367 632 522 702 omnihus,
540 633 707 704 quodcum
728 633 872 703 rhythmo
894 646 1069 704 repugnare
1093 620 1223 705 videret,
1239 635 1275 692 in

208 728 437 800 notaaubjecit:
452 730 501 788 hic
514 731 626 788 iterum
647 731 746 788 elisio.
774 731 832 788 sed
846 731 947 788 nullas
962 731 1058 801 novit,
1075 735 1111 788 ut
1131 732 1196 802 jam
1208 747 1279 790 mo-

211 828 275 896 nui,
292 827 435 885 elisiones
450 827 657 896 Abaelardus3
676 828 789 885 dei-nde
803 828 954 899 nequeit'a
964 827 1027 898 legi
1039 833 1180 901 possunt,
1196 845 1279 902 quae

209 924 301 982 hahet
315 927 337 981 Β
353 925 503 996 ;deuique
517 925 543 982 si
558 925 600 981 ita
615 926 782 995 legendum
797 928 891 992 esset,
903 927 986 982 omni
999 927 1166 985 verborum
1181 943 1277 986 sensu

208 1022 377 1091 deficiente,
393 1023 479 1079 locus
493 1027 656 1094 corruptus
684 1022 858 1081 censendus
882 1027 973 1080 esset.
995 1025 1102 1095 ltaque
1129 1027 1206 1083 nihil
1229 1030 1277 1084 est

207 1122 240 1178 in
256 1119 327 1178 cod.
342 1122 514 1177 Bruxellen.
531 1121 590 1177 nisi
604 1120 715 1177 vitium
741 1121 911 1192 scriptoris,
928 1121 981 1192 qui
1004 1122 1052 1179 dis
1072 1122 1196 1194 scripsit
1216 1138 1280 1195 pro

208 1229 266 1276 cis.

242 1317 414 1387 Adnotanda
430 1333 438 1371 :
454 1320 495 1373 De
520 1319 619 1374 Metro
633 1316 673 1373 in.
697 1316 929 1385 prolegomenis
944 1316 1058 1374 dictum
1074 1321 1129 1375 est.
1151 1350 1189 1360 —
1200 1321 1227 1390 1,
1245 1321 1271 1376 1.

207 1417 288 1471 llaec
304 1428 341 1470 ex
353 1413 479 1483 liturgia
486 1416 621 1471 Romana
631 1412 669 1469 ad
681 1401 928 1470 benedictionem
938 1428 1098 1471 cereorum
1110 1414 1274 1486 desumpta

209 1512 290 1568 sunt.
318 1510 420 1567 Prima
449 1510 530 1566 enim
558 1509 726 1580 antiphona
759 1509 796 1566 ad
826 1510 1059 1568 Processionem
1084 1512 1128 1568 sio
1151 1513 1272 1569 hahet:

208 1633 221 1661 ι
237 1610 360 1667 Adorna
373 1609 545 1664 thalamum
567 1610 666 1676 tuum,
679 1607 762 1664 Sion.
779 1609 810 1662 et
823 1607 946 1678 suscipe
965 1621 1075 1678 regem
1090 1610 1267 1667 Christum:

208 1710 393 1780 amplectere
407 1707 544 1777 Mariam,
572 1708 712 1778 quaeest
727 1706 974 1778 coelestis-porta
989 1726 997 1776 ;
1013 1709 1081 1779 ipsa
1102 1710 1184 1767 enim
1196 1726 1268 1783 por-

206 1810 252 1863 tat
265 1820 371 1876 regem
397 1805 511 1874 gloriae
525 1804 597 1860 novi
611 1803 748 1861 luminis.
765 1803 910 1861 Subsistit
922 1804 1011 1874 virgo
1039 1806 1194 1865 adducens
1205 1824 1270 1866 ma-

210 1904 301 1962 nibus
315 1903 413 1960 filium
429 1907 498 1959 ante
512 1901 673 1959 lucilerum
688 1901 826 1970 genitum
841 1920 848 1973 ;
864 1917 956 1972 quem
981 1903 1135 1974 accipiens
1149 1906 1270 1964 simeon

210 2001 244 2057 in
257 2001 349 2057 ulnas
360 2015 431 2057 suas
445 1998 632 2072 praedicavit
646 1996 781 2068 populis,
797 1998 959 2055 Dominum
977 2013 1047 2056 eum
1062 2015 1131 2058 esse
1144 2002 1226 2060 vitae
1239 2009 1272 2060 et

213 2097 322 2153 mortis
334 2100 365 2153 et
377 2098 559 2154 salvatorem
571 2094 676 2151 mundi
690 2115 720 2151 ».
738 2093 796 2150 Sed
808 2095 883 2151 haec
898 2095 975 2152 nihil
989 2097 1074 2155 aliud
1095 2098 1155 2156 nisi
1168 2101 1273 2157 trans-

208 2194 283 2252 latio
300 2195 376 2252 odae
388 2196 514 2251 cosmae
528 2191 736 2264 hagiopolitae
754 2207 761 2247 :

383 2384 587 2451 Καταοιόσμησον
604 2384 781 2448 corrupperunt
798 2401 846 2435 σοιν
859 2382 939 2447 Σιών,

385 2475 436 2527 Καὶ
453 2476 569 2532 ὗποδὲἰαι
581 2474 623 2526 τὸν
639 2473 746 2537 βασιλέα
760 2472 883 2536 Χριστόν.

384 2563 521 2616 Ἄσπασαι
536 2560 580 2626 τὴν
595 2560 712 2626 Μαριὰμ,
722 2557 765 2625 τὴν
779 2561 931 2628 ὑπουράνιον
945 2561 1036 2628 πύλην.
1138 2566 1141 2573 ’

385 2649 457 2717 Αὕτη
471 2649 520 2717 γὰρ
532 2650 620 2715 θρόνος
632 2649 800 2716 χριρονβικὸς
815 2645 954 2716 ἃνιδοίχὸη,

384 2737 456 2802 Αὕτη
473 2736 588 2802 βαστάζει
601 2737 643 2786 τὀν
660 2736 766 2799 βασιλέα
780 2741 824 2798 τῆς
837 2736 919 2800 δόξης.

386 2828 484 2893 Νεφέλη
498 2825 576 2889 φωτὸς
589 2823 697 2888 ὑπάρχοι
712 2844 728 2887 η
746 2823 875 2889 παρθένος,

389 2916 507 2983 Φέρουσα
521 2908 545 2966 ἔν
558 2912 636 2979 οαριιλ
650 2911 706 2961 υἱὸν
721 2911 915 2976 προιωσφὸρον,

384 3003 434 3052 ’Όν
448 3001 532 3065 λαβὼν
547 2999 645 3063 Σιμεὼν
661 2995 685 3051 ἰν
698 2994 824 3061 ἀγκάλαις
839 2993 918 3050 αὐτοῦ

390 3088 511 3157 Ἐιῆρυξι
520 3092 599 3150 λαοῖς,
611 3085 733 3149 δεσπότην
748 3079 825 3137 αὗιὶνν
840 3082 904 3136 εἶναι

387 3180 457 3241 Ζωῆς
468 3178 511 3228 καὶ
522 3175 629 3229 θανάτου
643 3173 688 3226 ιιαλ
700 3178 804 3238 σωτῆρα
815 3182 859 3225 τοῦ
871 3174 983 3237 κόσμον.

215 3380 262 3434 lta
276 3391 314 3433 ex
341 3372 479 3432 Gallandi
492 3371 567 3428 Bihl.
591 3372 716 3426 Patriam
730 3368 802 3424 Xlll
816 3381 847 3439 p.
857 3368 912 3424 259
926 3368 958 3424 in
977 3370 1125 3427 Thesauri
1139 3375 1279 3444 Hymno-

215 3474 310 3544 logici
324 3475 406 3528 tomo
420 3471 471 3526 Ill.
487 3483 517 3539 p.
531 3468 567 3524 79
577 3469 613 3524 H.
628 3471 663 3521 Α.
679 3455 796 3521 Daniel.

255 3571 398 3629 XXXIX.
419 3571 453 3635 Β,
467 3566 519 3623 fol.
534 3563 600 3621 88h
617 3565 671 3632 sc,
687 3562 741 3619 iol.
758 3559 810 3618 139
825 3576 851 3617 a.
868 3565 1072 3623 —Lectiones
1095 3554 1248 3627 variantes
1263 3586 1276 3627 t.

213 3672 243 3735 2,
261 3669 288 3725 l.
305 3665 408 3734 Oilert,
424 3665 457 3720 C.
471 3664 544 3731 -2,
558 3660 585 3716 3.
601 3659 704 3726 uffart,
716 3659 749 3714 G.
764 3687 800 3697 -
813 3657 841 3725 l,
857 3657 883 3713 3.
898 3661 1019 3731 Pauper
1038 3662 1162 3733 quidem
1175 3665 1276 3722 hostia

215 3768 238 3822 B
255 3759 438 3833 ;supplevit
464 3775 478 3811 ι
505 3761 547 3812 est
560 3755 687 3812 hostia»
709 3751 814 3820 Pitra3
840 3755 1047 3825 supplendum
1068 3758 1159 3830 haec,
1189 3759 1277 3818 docet

211 3859 292 3920 cod.
312 3858 461 3916 calmont.
475 3886 510 3895 —
522 3856 550 3923 5,
566 3853 593 3922 l,
608 3863 687 3908 anuo
701 3847 841 3918 mystico,
852 3851 885 3906 C.

250 3953 427 4015 Adnotanda
438 3968 446 4008 ι
456 3953 482 4023 1,
492 3951 518 4006 3.
532 3969 547 4000 ν
558 3951 632 4006 Cum
641 3946 703 4003 tale
714 3943 868 4015 quidnato
882 3961 918 4003 ex
925 3948 1047 4020 virgine
1058 3951 1185 4010 Domino
1197 3952 1282 4010 iace·

213 4055 297 4123 rent,
312 4049 410 4119 magis
423 4049 548 4119 propter
562 4039 814 4101 consuetudinem
827 4040 906 4111 legis
922 4045 1154 4119 quamlpropter
1167 4062 1276 4106 neces.

216 4151 340 4210 sitatem
354 4145 485 4217 alicujus
501 4144 533 4200 in
557 4156 592 4199 eo
608 4137 749 4211 expiandi
770 4139 985 4213 purgandique
997 4145 1115 4214 peccati
1138 4146 1183 4202 510
1201 4146 1282 4216 1031.

216 4254 311 4309 tur...
329 4246 376 4304 Sic
390 4244 471 4303 enim
484 4224 630 4315 baptizari
644 4238 736 4295 etiam
750 4234 818 4308 ipse
833 4235 975 4306 dignatus
990 4245 1038 4300 est
1054 4243 1206 4316 baptismo
1226 4247 1281 4303 Jo-
