2992 5048
673 415 834 472 -los-

220 543 335 614 Lepido
350 539 525 610 legionibus
538 539 663 608 triginta
676 539 761 596 milia
774 552 936 596 servorum
951 536 1081 595 dominis
1098 535 1289 593 restituisset

212 644 249 697 et
265 638 469 712 quadraginta
482 640 614 708 quatuor
622 637 759 706 legiones
776 637 860 692 solus
876 636 1010 706 imperio·
1020 650 1076 692 suo
1092 634 1130 691 ad
1147 636 1286 690 tutamen

216 737 300 795 orbis
313 740 467 792 terrarum
482 733 689 790 distribuisset
716 748 875 804 ovansque
885 733 994 789 urbem
1008 732 1168 802 ingressus
1183 731 1287 786 omnia

212 829 494 904 superiorapopuli
504 829 633 885 Romani
642 829 743 886 debita
752 828 894 886 donanda
906 829 1065 885 literarum
1076 827 1168 885 ctiam
1175 840 1285 882 monu-

213 929 326 986 mentis
346 927 467 984 aholitls
497 927 690 982 censuisset:
710 926 742 982 in
757 926 862 983 diebus
881 925 979 996 ipsias
991 923 1058 981 lons
1072 922 1131 980 olai
1150 921 1287 994 largissi-

216 1040 290 1096 mus,
309 1024 390 1082 sicut
410 1022 549 1094 superius
575 1021 719 1093 expressi,
742 1023 778 1079 da
793 1022 918 1078 taberna
938 1019 1092 1078 meritoria
1118 1032 1172 1090 per
1189 1021 1288 1074 totum

218 1122 297 1178 diem
310 1120 408 1178 fluxit.
424 1123 489 1186 Quo
504 1119 592 1188 signo
609 1118 681 1190 quid
695 1117 879 1179 evidentius.
895 1133 987 1190 quam
1007 1119 1040 1174 in
1056 1117 1163 1175 diebus
1179 1115 1287 1173 Caesa-

220 1220 264 1276 ris
279 1222 343 1277 toto
363 1217 436 1276 orbe
454 1217 612 1287 regnantis
630 1216 733 1273 iirtura
748 1217 861 1273 Christi
879 1217 1023 1273 nativitas
1041 1217 1195 1275 declarata
1219 1220 1287 1283 est3

221 1315 360 1372 Christus
370 1314 453 1370 enim
462 1314 569 1382 lingua
578 1313 765 1385 gentiseJ'us,
777 1314 809 1369 in
823 1328 883 1385 qua
893 1316 983 1369 natus
997 1315 1054 1381 est,
1064 1317 1176 1370 unctus
1191 1315 1288 1370 inter-

221 1415 360 1483 pretatur
380 1430 404 1465 v.
424 1410 507 1468 Idem
526 1409 651 1466 ibidem.
669 1412 751 1477 Quae
765 1409 867 1466 omnia
889 1410 971 1480 apud
986 1409 1174 1480 posteriores
1188 1424 1287 1480 magis

222 1509 382 1580 magisque
396 1512 485 1565 aucta
497 1511 589 1579 atque
602 1511 746 1564 exornata
758 1509 909 1565 invenies.
924 1507 1146 1566 conseraturv.
1162 1523 1190 1579 g.
1207 1508 1290 1565 uou-

220 1606 299 1664 tredi
309 1607 512 1664 viterbiensis
528 1606 684 1664 Pantheon
700 1609 846 1676 (Monum.
863 1610 964 1664 Germ.
981 1609 1079 1677 XXII,
1096 1610 1148 1664 150
1162 1607 1222 1679 sq.)
1236 1608 1289 1664 vel

219 1705 322 1761 iacobi
337 1704 375 1761 de
388 1704 543 1772 voragine
555 1703 694 1773 Legenda
710 1719 803 1760 astrea
814 1704 872 1775 (ed.
882 1702 953 1761 1483
963 1706 1015 1761 iol.
1027 1705 1056 1762 d.
1071 1707 1089 1760 7
1102 1705 1171 1776 sq).
1181 1708 1289 1776 Neque

221 1801 253 1857 in
265 1801 387 1871 hymnis
408 1800 622 1857 ecclesiasticis
643 1800 805 1858 admodum
822 1800 1005 1871 raro'tnq'us
1024 1801 1289 1860 visionis'mentio

221 1897 354 1973 infertur
367 1915 375 1966 ;
390 1898 465 1968 quin
480 1898 556 1982 etin
571 1897 761 1954 cantionibus
774 1898 960 1954 Germanicis
976 1898 1126 1954 occurrit:

504 2181 566 2230 Von
581 2181 696 2230 sternen
711 2178 804 2243 glantz
819 2179 866 2230 ein
880 2179 969 2230 hrono

536 2267 582 2318 die
597 2269 670 2332 tregt
681 2267 722 2317 sie
735 2267 906 2331 wolgelhan,

505 2355 545 2404 Es
560 2353 628 2405 saha
640 2355 682 2404 sle
693 2367 730 2403 an
741 2353 806 2404 dem
820 2353 921 2404 trohne

538 2441 593 2492 der
604 2441 690 2492 Fiirst
703 2441 838 2493 Octavian

506 2526 560 2578 Am
575 2526 694 2577 himmel
708 2525 828 2578 achtiner
839 2539 952 2586 wunne,

505 2613 649 2680 gehleidet
664 2615 717 2665 mit
733 2614 782 2664 der
794 2627 918 2675 sonnen3

537 2703 582 2754 ihr
594 2703 720 2754 schamel
729 2717 787 2754 war
800 2703 850 2754 der
861 2717 937 2755 mon.

260 2954 405 3024 Kebrein,
425 2955 515 3011 Kath.
543 2954 774 3011 llirchenlieder
799 2956 826 3010 Il
845 2970 876 3025 p.
897 2954 950 3021 ll;
974 2955 1214 3024 Wackernagel,
1234 2952 1290 3009 das

221 3050 371 3108 deutsche
384 3049 581 3107 Kirchenlied
595 3051 633 3118 ll,
649 3050 727 3104 1152.
743 3079 780 3088 -
797 3049 824 3117 l,
842 3049 867 3104 l.
884 3051 974 3105 Haec·
987 3063 1110 3120 qnoque
1131 3063 1167 3104 ex
1182 3046 1290 3104 Oresio

223 3148 246 3203 l.
263 3162 288 3203 c.
307 3160 372 3217 cap.
389 3147 445 3202 22:
463 3163 476 3199 ι
498 3146 616 3203 Glausis
630 3146 725 3215 igitur
737 3146 805 3202 lani
819 3147 916 3216 portis
931 3160 998 3202 rem
1011 3146 1180 3217 publicam,
1197 3159 1290 3216 quam

225 3243 311 3300 hello
321 3243 527 3314 quaesiverat,
535 3257 611 3313 pace
621 3243 757 3298 enutrire
770 3245 861 3312 atque
871 3242 1058 3313 amplificare
1067 3242 1194 3299 studens
1204 3242 1291 3311 leges

227 3340 380 3413 plurimas
402 3339 518 3410 statuit,
533 3353 590 3410 per
610 3353 686 3410 quas
698 3339 864 3396 humanum
883 3352 980 3408 genus
1000 3339 1097 3396 libera
1108 3338 1292 3396 ’reverentia

227 3437 410 3509 disciplinae
423 3450 539 3493 morem
552 3439 681 3505 gereret,
698 3435 817 3493 Domini
830 3437 1067 3507 appellationem
1080 3439 1116 3493 ut
1129 3436 1221 3493 homo
1234 3434 1289 3492 de·

225 3535 365 3594 clinavit.
382 3536 460 3590 Nam
474 3546 543 3589 cum
559 3531 666 3589 eodem
681 3534 836 3604 spectante
850 3533 939 3590 ludos
956 3533 1190 3605 pronuntiatum
1206 3535 1291 3589 esset

225 3649 245 3692 a
261 3632 395 3705 quodam
409 3630 518 3687 mimo:
531 3628 736 3687 ODominum
746 3645 886 3702 aequum
895 3634 923 3686 et
936 3631 1286 3700 conumnniversique,

224 3731 316 3804 quasi
330 3731 369 3788 de
378 3729 446 3801 ipso
461 3727 575 3785 dictum
589 3730 680 3796 esset,
696 3729 884 3785 exsultantes
899 3728 1165 3800 approbavissent,
1182 3728 1285 3784 statim

224 3825 351 3898 quidem
364 3839 458 3883 manu
471 3824 623 3894 vultuque
636 3822 794 3881 indecoras
810 3825 1003 3882 adulationes
1017 3825 1169 3896 repressit
1188 3826 1219 3882 et
1238 3824 1286 3880 in·

222 3921 368 3994 sequenti
380 3919 432 3978 die
441 3918 623 3990 gravissimo
638 3920 784 3991 corripuit
799 3921 907 3991 edicto,
919 3922 1139 3995 dominumque
1153 3938 1188 3980 se
1201 3924 1286 3994 post-

222 4020 280 4078 hac
295 4020 447 4092 appellari
463 4032 502 4075 ne
516 4032 534 4074 a
549 4015 654 4074 liberis
669 4018 791 4089 quidem
803 4022 856 4076 aut
869 4020 1033 4091 nepotibus
1053 4021 1119 4079 suis
1132 4022 1185 4078 vel
1204 4019 1286 4079 serio

221 4120 275 4177 vel
284 4117 357 4190 joco
366 4132 479 4189 passus
501 4119 549 4174 est
571 4132 595 4172 s.
605 4118 701 4186 -5,1
718 4131 785 4188 sqq.
798 4135 811 4171 r
824 4118 921 4187 lgitur
931 4133 968 4175 eo
980 4121 1130 4191 tempore,
1144 4119 1234 4177 idest
1247 4133 1285 4176 eo

222 4229 316 4285 anno,
344 4228 405 4287 quo
419 4212 627 4271 firmissimam
639 4212 892 4286 verissimamque
903 4227 1012 4286 pacem
1026 4214 1218 4274 ordinatione
1230 4215 1287 4272 Dei
