2992 5048
668 430 830 489 ..934-

713 603 774 672 CX

507 797 547 866 lu
579 816 694 866 nesus
721 797 977 869 Counnssonuu.

626 993 660 1043 In
675 991 688 1042 1
706 992 864 1044 Noeturno.

214 1160 246 1228 l.
300 1159 481 1228 Justonum
495 1159 709 1246 memoriam,
729 1160 902 1248 *dignam
919 1160 1099 1246 laudibus,

300 1273 459 1358 Psalmis,
479 1273 630 1364 hymnis⁴
649 1274 792 1344 canticis
808 1273 1054 1365 *spiritalibus

388 1392 499 1461 Mater
518 1411 626 1461 ovans
643 1395 660 1432 *
677 1391 833 1463 celebrat
853 1394 1012 1478 ecelesia,

390 1505 544 1582 Quorum
564 1506 673 1574 sidens
689 1505 706 1542 *
722 1507 875 1594 postulat
894 1506 1072 1594 suffragia.

211 1620 354 1690 Summe
372 1627 513 1709 palen*
531 1620 593 1689 tibi
611 1629 728 1712 grates
746 1622 762 1658 *
781 1629 816 1691 et
835 1622 1005 1691 solemnes
1025 1621 1160 1691 hostiae

211 1736 259 1804 De
278 1734 409 1804 collatis
427 1739 536 1805 *tuae
556 1735 683 1804 donis*
697 1735 929 1805 exsolvuntur
945 1735 1091 1825 gratiae,

302 1851 368 1920 Per
385 1871 488 1938 quem
508 1859 604 1936 aunt,
618 1854 635 1890 *
649 1850 736 1938 justi
754 1850 952 1939 quicunque
971 1856 1065 1934 sunt,

303 1964 371 2035 Per
385 1985 488 2054 quem
507 1972 600 2051 sunt,
621 1964 747 2034 *beati
766 1965 894 2054 quique
915 1971 1009 2033 sunt.

214 2188 248 2255 2.
304 2187 436 2254 Horum
450 2184 540 2253 bona
562 2184 653 2253 dona
668 2190 749 2253 sunt
766 2185 783 2223 *
801 2191 881 2253 tuae
900 2184 1047 2274 gratiae,

304 2301 437 2369 Horum
455 2300 574 2368 laudes
593 2299 713 2388 hymni
728 2307 844 2368 sunt*
864 2307 943 2368 tuae
961 2299 1106 2388 gloriae,

393 2414 539 2500 Laudat,
554 2414 701 2503 quisque
717 2414 734 2452 *
753 2413 871 2483 laudat
890 2413 952 2483 hos
964 2413 1150 2499 veraciter,

392 2531 440 2599 Te
458 2530 494 2597 in
508 2530 608 2618 ipsis,
624 2534 640 2570 *
655 2529 749 2618 ipsos
763 2529 800 2596 in
816 2536 850 2597 te
871 2531 1014 2619 pariter.

216 2646 346 2715 Horum
360 2645 448 2714 festa
466 2645 482 2681 *
502 2641 699 2713 celebrandi
717 2641 885 2712 *summa
904 2664 973 2712 nou
991 2651 1046 2713 est
1064 2642 1144 2730 alia,

212 2762 289 2831 Nisi
306 2762 477 2851 quaedam
494 2769 510 2805 *
529 2762 701 2832 recitandi
720 2768 738 2805 *
757 2769 815 2830 tua
829 2760 1011 2846 beneficia,

303 2873 372 2944 Per
390 2894 494 2964 quem
513 2883 606 2958 sunt,
627 2875 744 2962 *Justi
764 2875 961 2963 quicunque
989 2879 1083 2946 sunt,

303 2988 369 3060 Per
387 3008 491 3080 quem
516 2998 609 3087 sunt,
630 2999 646 3035 *
664 2989 758 3058 beati
778 2989 906 3078 quique
926 2996 1023 3057 sunt.

211 3215 247 3282 3.
303 3215 342 3281 ln
356 3212 485 3281 sanctis
500 3209 679 3280 mirabili*
698 3211 768 3278 Deo
785 3210 909 3300 gloria,

301 3328 351 3396 Ex
370 3347 451 3416 quo,
467 3346 529 3416 per
546 3326 787 3415 quem„inquo
802 3327 1023 3412 sunt‚*quae
1040 3328 1134 3408 sunt,
1150 3319 1285 3409 omnia,

391 3441 499 3528 Cujus
517 3441 600 3530 agit,
621 3440 637 3476 *
654 3437 836 3529 quidquid,
851 3438 938 3520 vult,
964 3437 1118 3525 potentia

392 3555 594 3645 Optimeque
611 3557 628 3594 *
645 3555 796 3645 disponit
810 3553 1007 3644 prudentia.

213 3672 323 3748 Quem
338 3676 373 3738 et
391 3669 479 3739 velle
496 3668 512 3704 *
528 3672 603 3759 geni
622 3670 741 3739 bene*
757 3670 963 3759 disponique
980 3666 1131 3758 singula,

211 3783 370 3854 Dubitari
388 3792 405 3829 *
422 3804 490 3853 non
509 3785 707 3876 permittit*
726 3786 803 3872 ejus
821 3805 957 3853 summa
976 3782 1117 3852 bouitas
1134 3803 1143 3868 3

299 3896 368 3964 Per
380 3915 484 3986 quem
497 3903 590 3982 sunt,
610 3897 728 3985 *justi
747 3897 946 3985 quicunque
966 3903 1051 3965 sunt

298 4010 366 4080 Per
384 4030 488 4100 quem
507 4018 600 4097 suut,
615 4011 632 4047 *
650 4011 744 4081 beati
770 4010 900 4101 quique
916 4017 1012 4080 suut.
