2992 5048
682 433 827 490 ..69-

215 561 356 629 habeant,
373 557 486 616 sullicit
505 557 562 614 hoc
576 556 700 614 divinae
720 557 858 615 tribuere
873 555 1034 626 voluntati,
1058 570 1136 627 quae
1158 558 1191 614 in
1216 559 1280 631 pri-

215 656 427 725 mordialibus,
448 657 483 712 ut
494 654 609 712 dictum
623 652 680 723 es't,
695 654 798 713 causis
811 655 876 711 vim
890 657 1017 710 naturae
1030 654 1170 725 obtinuit,
1179 660 1236 713 etc.
1245 688 1283 700 -

215 757 259 812 De
272 752 458 811 astronomia
474 766 550 809 vero
565 768 621 810 seu
635 753 811 823 astrologia,
828 753 866 810 ad
880 766 972 824 quam
986 756 1081 810 artem
1102 769 1213 812 versus
1230 771 1280 813 su·

214 851 379 924 praecripti
394 850 530 908 alludere
542 850 699 920 videntur,
715 850 789 907 satis
803 851 907 907 sobrie
918 851 993 908 haec
1007 851 1087 907 inter
1102 852 1161 908 alia
1180 853 1278 911 disse·

218 948 281 1005 rit:
306 948 354 1005 Sic
372 951 403 1004 et
414 947 505 1018 periti
520 951 683 1014 astrorum,
697 946 751 1017 qul
775 949 901 1003 naturas
919 947 1066 1017 ipsorum,
1079 947 1165 1004 unde
1183 949 1283 1006 calida

219 1048 272 1101 aut
285 1043 406 1114 frigida.
431 1043 511 1100 sicca
535 1044 592 1099 vel·
617 1041 743 1099 humida
767 1045 938 1114 temperata
961 1046 1042 1111 sunt,
1071 1048 1224 1102 noverunt
1246 1048 1277 1101 et

219 1141 290 1198 illas
303 1143 407 1213 partes
421 1140 508 1210 coeli,
523 1154 602 1212 quae
616 1139 772 1197 domicilia
785 1152 893 1195 eorum
904 1143 1024 1207 vocant,
1035 1141 1068 1196 in
1083 1140 1193 1212 quibus
1208 1157 1278 1199 cum

218 1237 345 1307 fuerint,
361 1252 433 1295 suas
445 1238 574 1295 maxime
595 1238 681 1295 vires
696 1239 850 1307 exercent,
861 1250 918 1307 per
933 1237 1148 1294 astronomiam
1170 1238 1283 1296 didice-

218 1336 302 1403 runt,
317 1334 413 1390 multa
427 1333 671 1390 denaturallhus
687 1331 801 1388 futuris
814 1344 1018 1403 praenoscere
1028 1336 1168 1402 possunt,
1178 1336 1283 1390 utrum

218 1429 363 1488 videlicet
375 1430 516 1502 sequenti
523 1421 796 1500 ‘temporesiccitas
811 1428 944 1485 abundet
958 1432 1011 1485 aut
1024 1428 1139 1499 pluvia,
1148 1429 1216 1487 sive
1230 1445 1279 1487 ca·

223 1530 272 1586 lor
285 1532 338 1586 aut
349 1529 513 1599 frigiditas.
523 1531 607 1595 Quae
622 1542 685 1585 non
697 1529 798 1585 solum
813 1526 851 1583 ad
864 1527 1087 1598 providentiam
1101 1526 1201 1584 cultus
1220 1531 1284 1585 ter·

223 1636 398 1680 naevorum
420 1623 512 1679 etiam
522 1621 560 1678 ad
570 1621 862 1679 medicamentorum
873 1620 1110 1677 moderationem
1118 1620 1285 1692 plurimum

225 1721 364 1777 valent...
379 1722 423 1776 lle
437 1717 685 1788 contingentibus
699 1732 774 1774 vero
789 1717 911 1787 tuturis,
928 1732 1018 1788 quae,
1030 1716 1217 1785 utdlximus,
1231 1733 1284 1775 na·

223 1814 312 1874 turae'
327 1830 450 1888 quoque
468 1819 541 1873 sunt
555 1815 720 1885 incognita,
733 1815 874 1887 quisquis
887 1829 945 1885 per
958 1815 1173 1872 documentum
1188 1817 1288 1872 astro-

225 1912 346 1968 nomiae
359 1911 573 1979 certitudinem
595 1911 730 1982 aliquam
747 1909 933 1982 promiserlt,
949 1923 1011 1966 non
1026 1913 1089 1965 tam
1104 1911 1289 1967 astronomi·

223 2023 278 2065 cus
293 2023 385 2080 quam
398 2008 566 2067 diabolicus
580 2007 738 2065 habendus
747 2010 854 2064 estDe
867 2021 927 2079 quo
942 2007 1031 2063 facile
1047 2007 1123 2063 nihil
1138 2021 1191 2064 eos
1203 2008 1286 2064 scire

227 2107 412 2163 convincere
426 2121 602 2178 possumus.
611 2135 642 2146 -
653 2106 680 2176 t,
691 2106 704 2162 l
716 2120 782 2176 sqq.
793 2105 956 2185 Continent
967 2105 1008 2171 hl,
1025 2105 1139 2176 quique
1154 2119 1288 2177 sequun-

224 2205 285 2271 tur,
297 2217 408 2259 versus
420 2190 589 2272 longiorem
605 2217 732 2273 eamque
742 2203 896 2271 egregiam
907 2205 998 2274 atque
1009 2202 1131 2258 omnino
1138 2203 1289 2273 poeticam

224 2299 525 2356 circumlocutionem
546 2312 663 2367 eorum,
675 2312 754 2369 quae
769 2297 850 2368 apud
858 2296 1064 2366 Augustinum
1085 2298 1288 2354 Enarratione

222 2395 319 2452 iuPs.
336 2397 439 2452 127.-c.
458 2397 501 2454 16.
517 2397 663 2465 leguntur
679 2412 686 2450 ε
703 2394 767 2451 Dici
779 2393 999 2465 possuntbona
1013 2394 1081 2463 ista,
1100 2408 1209 2451 aurum
1226 2399 1286 2462 est,

224 2495 387 2561 argeutum
401 2496 457 2559 cst,
471 2491 585 2548 fundus
604 2505 751 2548 amoenus
765 2493 822 2560 est,
848 2491 1023 2547 marmorati
1046 2491 1180 2561 parietes
1198 2495 1280 2559 sunt,

221 2589 300 2644 tecta
313 2589 457 2659 laqueata
470 2585 564 2644 sunt?
585 2587 682 2644 Absit.
700 2587 762 2643 Ista
780 2585 984 2643 abundantius
999 2601 1152 2657 pauperes
1166 2587 1281 2643 hahent

219 2684 251 2740 in
260 2685 470 2742 liaevita.1’lus
483 2685 562 2741 enim
576 2690 624 2742 est
637 2684 763 2755 pauperi
777 2683 878 2740 videre
889 2684 1016 2753 coelum,
1029 2683 1182 2740 stellatum
1194 2699 1282 2753 quarn

222 2780 307 2838 diviti
319 2788 435 2840 tectum
445 2783 623 2839 inauratum.
640 2781 737 2838 -ol
756 2794 823 2852 sqq.
847 2783 922 2837 Cum
936 2780 969 2835 in
987 2781 1159 2850 scripturis,
1170 2784 1206 2837 ut
1216 2780 1281 2850 J'am

221 2890 315 2948 supra
329 2878 513 2945 monuimus,
530 2876 631 2946 angeli
647 2877 756 2932 stellae
777 2889 833 2932 seu
848 2879 929 2931 astra
944 2875 1094 2931 matutina
1117 2879 1279 2943 vocentur,

220 2977 384 3045 postquam
398 2973 526 3042 coelum,
538 2972 620 3044 quod
635 2972 733 3029 oculis
748 2971 898 3039 videmus,
914 2974 1043 3043 propter
1061 2971 1200 3028 homines
1218 2971 1282 3027 iac-

220 3070 286 3124 tum
293 3081 362 3124 esse
375 3068 514 3138 exposuit
526 3066 724 3134 Abaclardus‚
737 3065 775 3122 ad
782 3066 901 3121 coelum
911 3065 989 3121 illud
999 3066 1128 3121 alterum
1144 3068 1280 3120 acmeta-

217 3164 380 3234 phoricum
405 3164 552 3234 dilapsus,
577 3167 608 3219 et
620 3163 699 3220 illud
710 3166 837 3232 propter
846 3161 977 3218 eundem
992 3161 1145 3217 hominem
1159 3160 1274 3217 factum

220 3275 290 3318 esse
303 3265 461 3318 asseverat
471 3260 559 3330 juxta
573 3260 651 3316 illud
662 3259 799 3330 Apostoll
815 3276 822 3313 :
838 3263 946 3315 Nonne
969 3272 1074 3315 omnes
1094 3262 1168 3316 sunt
1185 3259 1286 3316 adrni-

219 3356 389 3413 nistratorii
404 3357 579 3428 spiritus'in
599 3356 805 3413 ministerium
818 3356 906 3412 missi
919 3358 1046 3426 propter
1061 3369 1123 3426 eos,
1140 3357 1194 3427 qui
1208 3356 1282 3411 hae·

217 3453 380 3512 reditatem
390 3455 516 3525 capiunt
531 3455 650 3510 salutis.
663 3452 738 3510 Heh.
756 3452 783 3522 l,
800 3453 844 3509 ll.

253 3552 319 3608 Vll.
334 3554 366 3607 B.
381 3551 484 3608 lol.·83
499 3565 568 3607 a.-
578 3551 731 3607 Lectiones
744 3549 911 3606 variantes:
928 3551 955 3619 1,
965 3550 993 3605 4.
1005 3552 1048 3606 Ex
1058 3549 1116 3616 his,
1126 3564 1162 3605 ex
1173 3548 1284 3621 quihus

217 3649 251 3703 B.
264 3631 500 3704 -ddnotanda
518 3677 554 3689 -
568 3648 595 3716 3,
611 3648 637 3703 l.
654 3648 737 3704 Sicut
760 3649 926 3703 Centauros
939 3661 976 3703 ex
990 3646 1113 3703 homine
1135 3649 1166 3702 et
1193 3647 1285 3703 leone

218 3745 404 3816 compositos
419 3745 564 3802 volebant
576 3748 710 3812 veteres,
722 3745 765 3800 ita
774 3744 807 3799 in
817 3744 932 3814 grypho
947 3744 1069 3814 aquilae
1079 3745 1200 3800 leonem
1209 3743 1286 3812 jun·

219 3841 331 3912 gehant
344 3842 437 3899 medii
453 3841 521 3898 aevi
546 3842 732 3912 scriptores;
747 3841 830 3897 unde
841 3841 872 3896 iu
889 3842 996 3897 Divina
1013 3841 1186 3907 Comoedia,
1208 3854 1288 3912 quae

221 3938 343 4008 dicitur,
353 3942 510 4009 tamquam
526 3933 699 4008 'symbolum
710 3937 861 4008 quoddam
871 3938 981 3995 Christi
996 3938 1165 4005 adhibetur,
1175 3938 1289 4009 quippe

219 4034 273 4105 qui
283 4048 381 4091 unum
396 4034 470 4106 quid
490 4033 587 4106 ‘atque
614 4035 770 4105 integrum
783 4035 831 4101 sit,
856 4050 891 4090 ex
915 4035 1030 4107 duplici
1050 4039 1153 4092 tamen
1180 4037 1291 4091 natura

219 4131 394 4187 conflatum.
411 4134 446 4188 ln
461 4132 651 4203 gryphorum
676 4132 884 4203 magnitudine
900 4133 1090 4202 exageranda
1110 4132 1200 4189 multi
1217 4135 1291 4188 sunt

219 4230 339 4298 poetae,
353 4226 443 4298 cujus
458 4228 632 4299 exemplum
645 4228 739 4285 hahes
751 4229 783 4284 in
811 4229 915 4285 fabula
929 4228 993 4299 illa,
1010 4243 1089 4300 quae
1103 4228 1141 4286 de
1156 4229 1289 4285 ilenrico
