2992 5048
679 435 840 492 -no-

740 668 768 735 L

651 834 695 886 Ad
710 837 860 901 vesperas.

224 1057 255 1125 i.
315 1059 423 1128 Facto
439 1061 515 1146 jam
532 1079 676 1160 vespere
693 1067 710 1103 *
728 1080 832 1129 cruce
846 1060 1041 1150 depositum

312 1174 356 1242 Et
370 1174 584 1243 aromatibus
602 1181 619 1217 *
637 1173 815 1245 conditum
835 1175 1020 1244 Dominum

315 1293 471 1383 Diligens
486 1295 608 1384 sepelit
626 1299 643 1335 *
662 1315 746 1363 cura
766 1295 934 1380 fidelium,
1001 1363 1004 1369 ,
1083 1385 1085 1388 ⁴

313 1410 497 1495 Monstrat,
516 1411 576 1499 qui
596 1411 721 1493 fuerat,
741 1410 758 1446 *
777 1411 873 1499 pium
894 1399 1110 1515 obsequium3

246 1708 254 1723 .
312 1657 451 1747 Ingenti
466 1657 579 1748 lapide
598 1662 614 1698 '¹‘
633 1657 854 1747 sepulchrum
871 1658 1055 1746 clauditur,

311 1773 407 1850 Quod
424 1794 507 1843 cura
524 1775 671 1841 maxima
690 1775 707 1811 *
726 1773 862 1862 fideque
884 1773 1047 1865 [colitur],

313 1887 505 1956 Immundis
518 1888 667 1956 aditus*
685 1889 735 1958 sic
751 1888 994 1958 intercluditur

310 2001 383 2077 Quo
417 2002 653 2070 mirabilius*
672 2011 844 2091 resurgat,
861 2002 988 2092 agitur.

221 2265 252 2320 ⁹.
310 2253 380 2322 Nec
405 2254 518 2321 minus
536 2253 664 2342 gloriae
690 2259 706 2295 *
727 2253 860 2321 conicrt
875 2254 1082 2341 Donrinicae,

311 2368 411 2446 Quod
432 2372 528 2458 pravi
548 2370 714 2456 deputant
731 2370 747 2406 *
765 2389 847 2438 suos
872 2371 1061 2457 custodiae,

309 2485 354 2554 Ut
374 2485 426 2553 sic
448 2484 614 2572 iniquitas
631 2490 648 2526 *
665 2484 755 2552 victa
774 2486 956 2573 perspicue

301 2598 452 2669 Confusa
471 2585 708 2688 comprimat*
726 2617 786 2666 ora
801 2598 1057 2688 blasphemiae.

244 2899 252 2914 .
309 2848 379 2916 Aut
395 2865 476 2936 ergo
495 2853 670 2913 mortuum
687 2851 704 2887 *
719 2845 841 2914 reddat
860 2846 1029 2931 custodia,

310 2963 355 3031 Ut
369 2961 399 3030 ei
419 2962 514 3030 saiva
530 2963 598 3029 sint
616 2964 632 3000 *
650 2961 819 3049 promissa
838 2963 1003 3049 praemia,

307 3077 389 3160 Aut,
405 3095 492 3165 quae
507 3076 735 3163 conspexerit,
756 3072 773 3108 *
790 3075 901 3144 fatens
916 3078 1100 3166 magnalia,

306 3191 432 3261 Nostra
449 3191 499 3259 sie
517 3189 725 3280 praedicet*
744 3190 925 3258 nobiscnm
944 3192 1084 3280 gandia.

240 3493 247 3508 .
305 3440 356 3507 Tu
375 3428 612 3528 tibi‚'con1pati
632 3435 648 3471 *
667 3437 716 3506 sic
731 3437 783 3506 fac
799 3457 873 3517 nos,
893 3438 1053 3524 Domine,

306 3555 400 3621 Tuae
417 3552 601 3641 participes
619 3551 635 3586 *
652 3548 699 3619 ut'
710 3551 820 3619 simus
839 3551 981 3640 gloriae,

303 3668 362 3738 Sic
379 3687 546 3756 praesens
560 3664 715 3735 triduum
735 3664 751 3700 '¹‘
764 3665 798 3732 in
812 3665 907 3735 luctu
922 3666 1059 3752 ducere,

302 3786 349 3854 Ut
371 3783 482 3852 risum
498 3781 633 3852 tribuas
651 3789 668 3826 *
687 3781 860 3870 paschaiis
879 3783 1024 3872 gratiae.
