2992 5048
673 431 816 485 ...79-

212 549 247 604 ln
271 547 379 606 diebus
399 550 467 604 octo
481 535 555 619 pos't-
570 549 644 606 haec
662 549 784 608 verba?
801 554 846 609 Ne
864 551 944 608 torte
962 552 1035 623 quia
1051 553 1089 619 is,
1107 554 1162 625 qui
1181 554 1276 612 verba

212 645 325 708 Christi
341 644 427 702 audit
443 647 473 701 ct
488 646 593 713 credit,
612 651 848 707 resurrectionis
864 651 1001 721 tempore
1015 651 1145 719 gloriam
1162 652 1276 712 Christi

212 741 346 810 videbit;
357 741 390 797 in
400 745 508 798 octava
520 744 602 799 enim
616 744 665 801 dic
679 745 759 801 lacta
772 749 820 802 est
834 747 1030 816 resurrectio,
1040 749 1126 803 unde
1136 752 1165 803 et
1173 748 1277 817 pteri-

214 851 273 910 que
278 838 406 908 psalmi
414 837 448 894 in
459 843 608 897 octavam
617 840 842 898 inscribuntur
853 861 878 897 s.
889 843 1028 900 ambros.
1041 847 1075 901 ln
1086 847 1158 902 Luc.
1174 847 1196 902 l.
1208 847 1276 920 vll,

215 949 242 991 c.
254 937 285 991 o.
298 962 335 976 —
348 934 440 991 Modo
452 935 545 1006 plane
556 937 679 1004 egregio
692 936 881 994 Ahaelardus
894 937 952 993 hoc
964 937 1076 1008 hymno
1087 941 1278 996 sacramenta

215 1031 277 1089 diei
292 1031 462 1089 dominicae
478 1033 611 1090 celebrat
622 1051 630 1100 3
642 1033 693 1090 cui
707 1047 776 1089 cum
792 1033 866 1090 satis
882 1032 982 1090 affinis
997 1034 1037 1089 sit
1051 1037 1210 1106 sequentia
1224 1035 1277 1093 do·

214 1129 377 1196 minicalis,
390 1143 525 1200 quamex
540 1130 651 1188 Codice
666 1131 848 1187 carnotensi
862 1131 1044 1201 exscriptam
1055 1146 1154 1203 nuper
1162 1133 1278 1214 publici

210 1225 293 1294 juris
311 1224 381 1293 feci,
402 1241 500 1297 pauca
525 1227 575 1284 hio
598 1242 635 1284 ex
655 1227 763 1284 eadem
791 1231 934 1299 excerpta
959 1217 1273 1288 intorsererc'liocat.

214 1323 300 1391 Quod
320 1323 402 1380 enim
419 1324 592 1382 Abaelardo
614 1325 744 1395 gloriam
760 1325 929 1382 dominicae
949 1325 1008 1382 diei
1031 1327 1221 1384 celebraturo
1240 1328 1278 1385 ad

215 1420 313 1477 instar
335 1421 452 1479 exordii
471 1426 529 1493 est,
546 1437 609 1479 non
632 1423 735 1479 minus
757 1426 826 1494 apte
843 1426 987 1480 Prosator
1005 1425 1199 1482 carnotensis
1218 1426 1278 1497 ipsi

217 1517 272 1575 fini
285 1519 458 1576 reservavit
473 1536 480 1574 :

343 1669 424 1720 Lana
437 1669 537 1735 culpas
554 1674 726 1734 septennes,
742 1671 847 1736 quibus
859 1673 886 1722 te
900 1670 1078 1730 offendimus,

338 1756 399 1816 >Qui
415 1761 565 1823 septenum
577 1759 745 1811 festivamus
760 1760 832 1825 ipsis
845 1759 1076 1825 obsequentibus.

345 1846 451 1899 Emitte
464 1847 554 1900 dctua
567 1849 634 1900 sede
646 1852 756 1913 septem
769 1849 842 1901 dona
858 1849 985 1913 spiritus,

340 1936 410 1987 Post
422 1937 570 2002 septenum
583 1938 656 1990 vitae
670 1943 784 1990 nostrae
792 1939 881 2003 J'unge
896 1951 950 1990 nos
962 1937 1142 1990 coelestibus.

214 2130 287 2201 2,1,
307 2145 377 2203 sqq.
398 2160 431 2174 -
447 2134 582 2191 Primum
596 2135 786 2204 mysterium,
807 2133 896 2202 ouius
916 2132 1067 2189 dominica
1086 2133 1151 2189 dies
1170 2145 1281 2188 memo·

207 2229 294 2285 'riam
308 2229 446 2300 innovat,
461 2232 645 2288 resurrectio
660 2230 779 2287 Domini
792 2233 839 2286 est
854 2245 861 2284 ε

337 2376 381 2426 Tu
394 2352 521 2440 resurgis
535 2376 565 2426 in
578 2376 632 2428 hac
647 2376 701 2436 die,
714 2376 806 2428 leode
820 2376 896 2427 tribu
909 2376 990 2437 iuda,

339 2460 378 2512 Ut
391 2472 544 2525 surgamus
558 2475 575 2512 a
588 2462 722 2526 peccatis,
737 2460 798 2526 ipse
812 2462 896 2514 nobis
911 2461 1047 2514 condona.

216 2645 241 2711 l,
253 2643 280 2715 1,
297 2659 363 2716 sqq.
380 2647 564 2702 -Alterum
584 2649 632 2701 est
650 2645 780 2717 Spiritus
797 2645 897 2702 Sancti
913 2645 944 2700 in
959 2644 1126 2716 discipulos
1143 2643 1275 2700 effusio:

339 2794 372 2842 ln
383 2793 438 2842 hac
451 2791 496 2843 die
511 2796 701 2843 commutatur
715 2796 729 2843 J
733 2791 855 2843 udalsmi
870 2791 1028 2850 sabbatum,

339 2881 373 2929 ln
387 2892 442 2944 qua
456 2879 535 2930 misit
547 2880 625 2931 Deus
638 2884 717 2943 pater
728 2885 876 2931 aeternum
887 2880 1065 2944 paraclitum.
1139 2952 1143 2966 Ι

215 3077 284 3146 5,1‚
306 3093 375 3149 sqq.
399 3081 558 3137 Peculiare
570 3079 739 3136 abaelardo
762 3083 809 3136 est
826 3079 1072 3135 commemoratio
1094 3078 1276 3145 dominicae,

217 3188 296 3245 quac
310 3176 485 3245 palmarum
497 3177 600 3233 vocari
612 3177 781 3243 consuevit,
798 3177 1074 3246 mysteriorumque
1086 3175 1118 3230 in
1128 3189 1164 3231 ea
1179 3177 1278 3243 gesto-

217 3284 287 3327 rum
303 3286 311 3325 :
327 3273 523 3344 triumphalis
542 3274 701 3343 ingressus
717 3274 749 3329 in
763 3274 869 3330 urbem
888 3273 926 3343 (5,
942 3274 969 3342 1,
986 3273 1065 3344 sqq),
1079 3271 1278 3329 vendentium

220 3372 530 3444 numulariorumque
549 3373 587 3430 de
606 3373 722 3444 templo
745 3371 901 3442 ejectionis
917 3371 955 3442 (6,
973 3372 1000 3441 1,
1019 3384 1065 3442 sq.
1084 3369 1145 3426 Cir.
1169 3369 1277 3426 Matth.

216 3467 264 3537 21,
279 3470 335 3539 12),
348 3469 483 3542 denique
497 3470 580 3527 caeci
593 3469 625 3526 in
639 3471 754 3540 templo
766 3469 881 3525 lumine
893 3468 997 3525 donati
1006 3468 1043 3541 (6,
1059 3469 1086 3536 3,
1100 3481 1155 3537 sq3
1169 3466 1277 3523 Mattlr.

217 3563 264 3632 21,
285 3564 340 3634 11).
357 3567 441 3631 Quae
456 3566 559 3623 omnia
575 3566 675 3635 imago
691 3565 881 3636 suntjudioii
894 3565 1015 3632 ultimi;
1036 3562 1179 3620 adveniet
1196 3561 1278 3617 enim

216 3673 270 3716 rex
288 3661 497 3734 triumphator
509 3663 548 3718 'in
568 3663 700 3721 nubibus
718 3677 789 3719 cum
806 3665 957 3733 potestate
972 3674 1083 3730 magna
1095 3661 1132 3732 (7,
1147 3656 1184 3730 2),
1204 3672 1277 3715 suos

217 3758 336 3816 lumine
356 3759 474 3828 gloriae
490 3761 651 3818 illustrans
659 3741 706 3834 (7,
724 3760 764 3831 3),
779 3773 891 3830 pravos
910 3758 947 3816 de
965 3772 1061 3829 regno
1081 3771 1137 3813 suo
1151 3755 1278 3826 ejiciens

217 3855 256 3926 (7,
271 3855 315 3926 l).
334 3860 444 3928 Neque
459 3858 561 3914 minus
573 3858 733 3929 peculiare
747 3859 856 3928 poetae
869 3860 984 3924 nostro,
1000 3869 1079 3927 quae
1098 3853 1137 3925 (8,
1154 3855 1181 3920 1,
1198 3851 1278 3923 sqq),

218 3953 256 4011 de
270 3953 320 4010 die
335 3954 498 4026 dominica,
512 3968 604 4025 quam
619 3956 694 4012 solis
712 3955 793 4012 diem
806 3955 917 4027 pagani
936 3957 1057 4011 veteres
1073 3949 1278 4024 appellabant,

219 4050 352 4121 subjicit.
362 4052 475 4110 Conler
490 4057 592 4110 tamen
607 4067 688 4125 quae
702 4055 783 4125 apud
798 4055 932 4112 Monium
944 4062 976 4110 n⁰
985 4054 1031 4124 52,
1044 4050 1136 4108 hahet
1147 4051 1280 4120 hymnus

219 4146 327 4205 incerti
342 4150 476 4207 auctoris
492 4166 499 4206 ι
