2992 5048
696 445 857 500 ..254-

714 674 853 744 CXXIX

660 839 804 903 Hymmus
820 840 902 894 alter.

287 1053 318 1120 1.
384 1053 627 1125 Paenitentum
643 1064 660 1101 ’¹‘
679 1079 801 1128 severa
820 1062 990 1151 correptio

379 1170 424 1239 Et
442 1175 596 1240 eorum*
617 1173 723 1263 longa
744 1175 932 1247 satisfactio

379 1285 521 1356 Crebris
537 1308 682 1357 carnem
700 1293 717 1330 *
735 1291 897 1362 edomant
911 1293 1053 1381 Jejuniis

378 1401 591 1492 Asperisque
609 1410 626 1447 *
642 1406 800 1474 cruciant
819 1407 950 1487 ciliciis,

466 1516 509 1585 Et
529 1518 684 1606 ejectos‘*
703 1521 746 1588 ab
766 1522 909 1592 ecclesia

470 1631 663 1703 Cuniundit
680 1641 697 1677 *
714 1635 966 1711 erubescentia.

289 1861 322 1928 2.
384 1862 422 1929 In
444 1862 605 1931 haonihit
630 1864 646 1898 *
669 1872 784 1932 actum
798 1871 852 1933 est
866 1862 931 1932 hoo
944 1859 1079 1945 ordine,

383 1976 552 2045 Mitiorenr
572 1987 589 2023 *
607 1979 716 2047 sensit
728 1979 838 2047 Deum
856 1976 1006 2061 homine,
1046 1993 1051 2003 ·

376 2091 450 2159 Rex
470 2099 504 2160 et
520 2092 626 2179 judex
644 2100 661 2136 *
679 2093 772 2160 idem
799 2091 911 2183 legem
924 2095 1095 2179 temperat

385 2203 458 2273 Nec
472 2204 632 2289 attendit,
652 2210 739 2294 *qui
756 2225 815 2273 cor
831 2225 915 2274 vere
930 2203 1074 2292 judicat,

475 2319 559 2387 Tam
576 2321 742 2410 temporis
759 2319 1040 2409 *longitudinem

473 2439 582 2518 Quam
600 2438 762 2508 doloris*
781 2439 1062 2529 magnitudinem.

295 2659 329 2726 3.
386 2657 595 2727 Pharisaeus
612 2667 629 2702 *
648 2658 784 2726 Domini
803 2658 1030 2741 elementiam,

385 2774 496 2853 Quam
510 2773 659 2863 ignorat,
673 2773 817 2842 *eredit
830 2772 1071 2858 ignorantiam,

380 2887 425 2957 Et
443 2888 534 2957 intra
549 2909 586 2957 se
603 2892 620 2928 *
638 2888 722 2956 dum
741 2908 846 2977 super
860 2887 950 2955 hano
968 2891 1174 2969 murmurat,

347 3009 354 3017 '
383 3001 494 3072 iudex
513 3002 628 3073 cordis
645 3006 662 3042 *
680 3024 840 3071 murmur
858 3003 922 3070 troc
936 3000 1111 3091 dijudicat,

473 3119 519 3187 Ut
534 3117 667 3186 collatis
684 3119 701 3154 *
714 3118 834 3186 multis
848 3117 983 3202 dixerit,

468 3233 539 3302 Cur
557 3232 694 3300 veniam
713 3241 730 3277 *
746 3231 831 3301 haec
849 3232 1026 3300 nteruerit.

285 3454 319 3521 t.
383 3455 492 3532 Quam
511 3454 727 3540 multorum*
745 3436 963 3545 peccatorum
981 3452 1128 3523 vinculis

384 3569 488 3646 Quasi
505 3577 636 3658 septem
654 3569 868 3640 *absolvens
886 3568 1087 3651 daemoniis,

372 3682 498 3762 Quanti
514 3682 612 3768 fides,
634 3685 785 3774 *quanti
805 3685 851 3754 sit
869 3684 1020 3768 ditectio,

373 3796 458 3866 Tam
479 3795 571 3866 salici
590 3796 607 3833 *
626 3799 742 3868 docuit
761 3798 900 3869 indicio.

464 3912 534 4003 Ipsi
555 3911 661 3983 decus
678 3912 695 3949 *
713 3915 779 4004 ipsi
796 3913 918 4006 gloria,
946 3895 949 3907 ¹

461 4029 576 4119 Super
591 4032 668 4119 eius
686 4034 703 4071 *
723 4038 819 4100 tanta
837 4032 963 4122 gratia.
