2992 5048
663 419 874 476 -270-'

212 525 512 601 GahieretMartin.
544 544 726 612 (Noureaux
751 538 910 610 melanges
938 534 1187 610 d‘arclreologte‚
1215 539 1286 596 lvor

210 655 273 699 res.
285 655 316 714 p.
333 643 367 706 84
382 643 621 715 sqq.)leotorem
634 639 781 712 rejecisse
795 637 937 696 sufficiat.
953 634 1058 694 simile
1072 635 1146 708 quid
1159 649 1286 706 eorum,

212 754 292 812 quae
316 740 457 797 hocloco
481 739 636 810 dicuntur,
651 740 734 811 apud
761 736 989 804 cassiodorum,
1015 733 1225 806 Expositionis
1249 735 1287 791 in

212 837 543 895 Cantioacantieorum
555 850 623 907 cap.
639 838 666 893 d.
683 837 841 908 leguntur,
854 832 908 892 ubi
923 833 962 891 de
977 831 1134 905 quadrigis
1155 833 1286 890 Amina-

212 932 271 990 dob
282 947 381 991 sermo
394 935 442 989 est
458 974 466 987 .
482 950 495 986 ι
511 935 549 989 Et
563 934 612 988 est
623 946 735 991 sensus
752 949 760 988 t
776 930 973 999 conturbata,
986 928 1096 1000 inquit,
1107 941 1177 985 sum
1191 941 1288 1000 prop·

212 1036 262 1090 ter
273 1031 404 1089 subitam
419 1031 575 1100 evangelii
585 1029 862 1103 praedicationem,
878 1042 958 1101 quae
972 1027 1071 1085 veluti
1093 1027 1289 1084 velocissima

213 1130 354 1202 qnadrlqe
366 1133 466 1187 totum
482 1128 585 1186 subito
598 1128 748 1186 mundum
758 1121 944 1200 pervola‘vit.
957 1129 995 1184 ut
1006 1125 1085 1184 bene
1099 1124 1180 1182 hanc
1193 1139 1291 1196 prae·

213 1228 395 1287 dicationem
408 1242 472 1285 non
487 1241 601 1285 currus
615 1226 670 1285 sed
695 1225 860 1298 quadrigas
875 1225 1020 1298 appellat,
1034 1223 1106 1296 quia
1124 1222 1289 1294 evangelii

213 1327 398 1400 praedicatio
424 1329 557 1397 quatuor
572 1324 836 1395 evangelistarum
861 1322 1054 1381 auctoritate*
1069 1319 1224 1391 consistit,
1254 1322 1290 1376 et

216 1427 346 1497 quatuor
360 1421 520 1493 evangelia
548 1421 639 1494 quasi
653 1418 789 1495 quatuor
816 1420 984 1492 quadrigae
999 1421 1072 1477 sunt
1095 1420 1169 1478 nori
1193 1419 1291 1476 testa-

215 1521 319 1590 menti,
334 1521 383 1578 cui
396 1521 555 1593 praesidet
568 1520 677 1590 auriga
691 1519 759 1592 ipse
776 1518 916 1576 Christus
935 1521 1113 1589 temperans
1136 1521 1167 1575 et
1181 1517 1291 1587 dispo·

216 1635 292 1677 nens
306 1620 373 1691 ipse
387 1633 513 1677 currum
529 1619 764 1689 evangeliorum
780 1634 806 1673 r.
829 1618 911 1674 Haec
925 1615 991 1673 iere
1006 1616 1175 1688 exscripsit·
1193 1612 1288 1678 Beda,

216 1721 250 1776 ln
265 1719 349 1774 Cant.
361 1715 476 1774 cantic.
486 1717 508 1772 l.
522 1719 559 1772 V.
575 1730 601 1773 o.
617 1716 663 1771 28.

252 1817 354 1875 xciv.
368 1818 401 1886 Β,
417 1816 473 1873 iol.
498 1816 534 1872 93
546 1817 621 1884 a;C,
633 1816 752 1873 iol.205
767 1828 793 1870 a.
809 1841 843 1855 -
857 1811 1012 1869 Lectiones
1030 1811 1200 1886 variantes:
1214 1814 1243 1884 3,
1258 1816 1290 1872 3.

215 1915 310 1969 Veste
324 1913 404 1967 0.-
417 1911 587 1968 ldnotande
602 1913 648 1981 :2,
661 1912 752 1983 tsqq.
769 1913 851 1967 llaec
864 1910 918 1966 rel
932 1907 1119 1978 similiajam
1130 1909 1212 1981 apud
1225 1913 1292 1966 An-

218 2009 373 2080 gustinum
388 2008 528 2066 invenire
543 2014 591 2067 est
604 2023 678 2080 ng:
696 2013 801 2065 «Nam
827 2010 858 2063 et
880 2006 1011 2064 verbum
1026 2004 1166 2063 divinum
1178 2009 1289 2078 potest

216 2125 279 2168 uva
290 2110 431 2180 intelligi.
446 2110 550 2167 Dictus
565 2113 613 2167 est
634 2109 763 2167 enimet
778 2109 926 2167 Dominus
948 2107 1056 2163 botrus
1073 2120 1166 2176 uvae,
1194 2121 1292 2178 quem

218 2211 304 2280 ligno
325 2224 510 2280 suspensum
523 2210 561 2267 de
574 2213 658 2266 terra
675 2207 902 2280 promissionis,
920 2205 973 2278 qui
987 2205 1151 2277 praemissi
1164 2209 1254 2262 erant
1270 2221 1292 2263 a

218 2305 334 2379 populo
350 2306 457 2376 lsrael,
475 2308 633 2378 tamquam
644 2305 822 2362 crucifixum
836 2304 1007 2361 attuierunt
1022 2320 1046 2358 r.
1063 2303 1172 2359 Enarr.
1188 2303 1223 2360 in
1232 2306 1290 2361 Ps.

218 2405 246 2460 8.
260 2417 290 2458 n.
303 2403 331 2458 2.
350 2403 425 2471 -3‚
438 2404 452 2458 1
466 2417 538 2475 sqq.
554 2404 636 2460 Haec
650 2418 686 2459 ex
712 2401 795 2458 Beda
813 2402 910 2458 ierme
924 2400 1077 2457 mutuavit
1087 2399 1291 2460 Abaelardus.

220 2501 302 2556 llaec
320 2499 402 2556 enim
415 2499 470 2556 ille
490 2501 658 2558 (tomment.
673 2500 707 2556 in
724 2502 815 2557 Num.
839 2497 866 2555 c.
883 2498 935 2554 13:
959 2500 1099 2555 ‹Botrus
1113 2501 1219 2555 autem
1233 2498 1293 2557 ille

219 2596 358 2668 pendens
373 2597 411 2654 de
421 2597 505 2666 ligno
520 2597 658 2654 Christus
671 2601 719 2654 est
731 2596 870 2669 pendens
885 2595 923 2652 de
938 2594 1023 2665 ligno
1037 2594 1137 2651 erucis
1149 2594 1187 2652 de
1200 2598 1290 2653 terra

221 2693 378 2763 genitricis
394 2693 524 2762 virginis
540 2693 657 2750 Mariae
667 2692 836 2751 secundum
850 2705 974 2749 earnem
990 2694 1092 2748 terrae
1107 2690 1211 2761 stirpis
1225 2691 1292 2748 ris-

220 2789 342 2846 ceribus
352 2789 482 2846 effusus.
503 2791 568 2846 Duo
593 2792 734 2847 vectores
748 2788 807 2846 duo
821 2788 929 2859 populi
944 2790 1027 2856 sunt,
1041 2786 1127 2857 prior
1139 2785 1289 2844 iudaicus

222 2887 342 2946 Christo
357 2887 484 2944 dorsum
499 2888 530 2942 et
543 2899 605 2942 non
619 2883 729 2943 faeiem
743 2885 826 2943 dedit
839 2888 880 2956 et,
897 2899 989 2957 quem
1003 2885 1036 2942 in
1050 2885 1120 2953 lege
1132 2883 1290 2956 portabat,

221 2978 281 3040 non
291 2983 428 3053 videbat,
439 2983 489 3038 cui
499 2982 631 3039 dieitur:
648 2984 863 3040 obscurentur
872 2981 962 3040 oculi
969 2996 1096 3054 eorum,
1106 2982 1293 3040 revideant

221 3085 252 3138 et
263 3081 394 3152 reliqua.
403 3080 559 3136 Posterior
573 3082 707 3151 populus
717 3081 854 3150 gentium
864 3084 921 3150 est,
937 3081 1037 3152 quiin
1053 3081 1208 3139 Christum
1222 3096 1292 3139 ere-

223 3178 297 3235 dens
313 3182 343 3234 et
357 3191 480 3249 semper
493 3177 582 3233 illum
595 3181 722 3248 portans
736 3177 821 3235 ridet
835 3181 866 3235 et
889 3177 988 3249 quasi
992 3192 1103 3236 servus
1122 3179 1290 3236 Dominum

223 3277 371 3348 sequitur.
387 3275 503 3332 »Unde
517 3289 564 3344 ea,
579 3276 702 3346 quaein
716 3276 829 3346 hymno
847 3275 885 3333 de
895 3275 1055 3347 prophetis
1069 3277 1101 3331 et
1115 3275 1293 3344 evangelis·

221 3373 262 3430 tis
275 3376 449 3441 narrantur,
464 3385 531 3427 rem
542 3371 568 3427 si
582 3375 711 3444 spectes,
720 3386 782 3430 non
789 3374 879 3442 longe
885 3372 1007 3430 absunt.
1019 3370 1132 3450 center
1140 3371 1293 3441 imagines

223 3471 377 3542 antiquas,
387 3470 444 3527 hoe
458 3469 559 3540 ipsum
570 3470 713 3542 graphice
725 3472 930 3543 exprimentes
944 3471 977 3527 in
988 3484 1083 3542 opere
1094 3470 1145 3526 cui
1155 3468 1267 3526 titulus
1282 3489 1290 3527 ι

224 3566 461 3634 Mittheilungen
484 3564 539 3621 der
563 3565 690 3622 kaiserl.
711 3566 827 3635 konigl.
869 3567 994 3625 Gentral
1027 3565 1199 3623 comission
1235 3579 1293 3621 zur

221 3663 432 3732 Errorsehung
445 3663 511 3720 und
526 3664 762 3733 Erbaltungder
780 3664 1020 3734 Baudenkmale,
1036 3662 1121 3720 Band
1142 3663 1183 3719 111
1198 3663 1292 3734 (1858)

221 3776 253 3834 p.
269 3761 339 3827 313;
353 3760 465 3833 quibus
477 3761 552 3819 haec
567 3776 604 3818 ex
618 3761 970 3820 Codice-vindobonensi
984 3763 1124 3820 Palatino
1136 3762 1208 3818 1179
1218 3761 1295 3818 des·

223 3859 322 3930 cripta
336 3858 485 3928 adjiciunt
499 3877 532 3915 :s
549 3862 614 3917 Duo
628 3859 762 3916 serentes
771 3860 1003 3918 botrumsenex
1016 3863 1047 3918 et
1056 3859 1183 3930 juvenis
1198 3859 1295 3930 signi-

221 3955 315 4023 ficant
327 3956 460 4014 Judaecs
475 3959 506 4013 et
521 3957 720 4027 christianos,
737 3958 790 4031 qui
810 3958 953 4017 deterunt
973 3960 1091 4016 iesum.
1117 3958 1225 4028 Senex,
1241 3957 1296 4028 qui

223 4052 430 4124 praecedebat
447 4056 479 4109 et
488 4052 600 4123 juveni
613 4054 696 4112 riam
709 4054 898 4123 ostendebat,
917 4054 1069 4126 significat
1081 4053 1226 4124 iudaeos,
1242 4054 1297 4126 qui

224 4151 402 4210 deserebant
412 4152 634 4211 mandataiesu
650 4153 762 4211 Christi
774 4156 917 4210 ettamen
937 4167 994 4210 sua
1006 4152 1088 4210 laeta
1101 4150 1296 4222 ignorabant.

222 4249 362 4322 iuvenis,
376 4251 430 4323 qui
445 4251 633 4324 sequebatur
647 4255 678 4310 et
688 4252 812 4310 ridebat
825 4265 916 4310 suum
927 4265 1017 4323 onus,
1033 4249 1184 4321 significat
1193 4248 1299 4306 Chris-
