2992 5048
685 827 792 896 ann
813 843 950 893 nenne.

728 964 772 1016 Ad
786 962 907 1016 Laudes.

286 1154 319 1224 t'.
375 1157 480 1227 Aetes
498 1156 700 1247 perducitur
716 1162 733 1201 ⁸
752 1156 795 1226 ed
812 1153 923 1225 David
947 1152 1064 1239 tertie,

370 1271 460 1341 Huic
476 1272 665 1343 estsimilis
682 1278 698 1314 ⁸
718 1271 965 1352 adolescentie,

373 1388 548 1477 Intenpnes
565 1387 704 1478 sepiens
721 1395 737 1431 ⁸
756 1385 826 1456 diei
846 1386 952 1457 tentio

377 1504 567 1593 Utramque
580 1509 757 1594 comperet
772 1501 790 1540 ⁸
807 1509 957 1573 aetatem
975 1501 1118 1570 merito.

282 1702 315 1780 2..
372 1701 493 1792 Aquas
514 1701 559 1770 ab
578 1700 675 1771 eride
691 1707 708 1744 ⁸
726 1700 785 1770 lux
803 1699 863 1770 ille
879 1705 1054 1784 removet,

372 1814 417 1883 Et
435 1816 529 1884 fluxe
552 1814 709 1884 seeeuli⁸
721 1814 776 1883 lex
795 1813 876 1884 dete
896 1811 1041 1897 inhibet,

375 1930 427 1999 Ne
445 1929 750 2020 deprimentibus*
775 1949 837 1998 nos
856 1927 1059 1997 libidinibus
1149 1951 1152 1960 ·

374 2043 667 2136 Concupiscentiie
684 2041 701 2076 *
718 2064 755 2114 se
782 2050 916 2133 merget
934 2042 1091 2112 animus.

280 2233 314 2300 -3,
373 2232 466 2302 Haec
484 2238 578 2302 eetes
597 2233 793 2324 populum,⁸
809 2253 872 2324 per
890 2233 1003 2325 legem
1021 2233 1143 2324 genuit

370 2347 414 2416 Et
431 2354 566 2437 petrem
579 2347 756 2417 Abraham
773 2354 789 2390 ⁸
808 2349 999 2419 multorum
1018 2349 1142 2418 statuit

367 2460 423 2545 Et,
435 2462 535 2550 quasi
553 2464 665 2553 prime
683 2463 729 2532 eit
745 2463 761 2500 ⁸
782 2462 868 2532 haee
885 2471 1002 2533 ternae
1020 2461 1171 2540 soboles,

365 2573 562 2645 Nascuntur
580 2577 681 2648 hodie
697 2587 713 2623 ⁸
730 2599 811 2648 eum
830 2579 934 2648 tennis
949 2578 1105 2648 arbores.

275 2779 308 2846 ἱι.
368 2779 517 2848 Perenni
535 2780 708 2852 Domino⁸
729 2800 852 2870 perpes
871 2781 916 2850 sit
934 2780 1062 2871 glorie,
1106 2773 1109 2781 ’

365 2894 416 2964 Ex
434 2916 502 2986 quo
520 2903 614 2977 sunt,
629 2916 692 2986 pen
710 2917 815 2986 quem
828 2903 923 2981 sunt,
936 2895 999 2964 ⁸in
1018 2915 1087 2987 quo
1099 2901 1182 2964 suut
1194 2894 1309 2964 emnia
1327 2913 1338 2966 τ

362 3011 501 3100 Exque
524 3023 617 3099 sunt,
634 3020 732 3102 puter
751 3020 814 3093 est,
835 3014 851 3051 ⁸
870 3032 1051 3103 perquem
1069 3017 1163 3095 sunt,
1186 3008 1293 3096 filine,

366 3123 405 3192 ln
425 3146 494 3216 quo
513 3133 606 3212 sunt,
623 3128 734 3218 petris
753 3135 788 3196 et
805 3125 821 3161 ⁸
839 3127 902 3196 filii
921 3126 1079 3217 spiritus.
