2992 5048
717 441 863 498 ..13-

261 577 316 640 tos
334 587 411 636 esse
430 571 501 634 tam
524 570 577 633 est
595 566 749 652 obvium,
773 575 811 636 ut
827 567 974 635 maxima
992 566 1071 635 iude
1094 568 1328 657 praesumptio

264 684 300 751 in
321 683 535 772 reliquorum
552 681 707 751 savorem
727 702 796 750 non
826 683 934 772 possit
952 702 1017 751 non
1037 685 1160 753 creari.

309 798 438 867 Tribus
456 799 549 867 enim
564 797 806 886 religiosorum
827 796 965 866 familiis
992 798 1110 887 scripti
1137 805 1230 882 sunt,
1252 798 1332 887 qui·

268 915 336 982 bus
366 913 433 982 lata
460 912 693 981 Abaelardum
730 913 1003 981 immiscuerant.
1032 913 1159 980 Notum
1178 916 1270 982 enim
1290 933 1333 981 ex

270 1028 380 1116 ipsius
399 1025 484 1110 vita,
503 1045 583 1093 euna
602 1026 786 1094 celebratis
805 1047 885 1094 cum
910 1027 1063 1094 Heloissa
1084 1028 1213 1116 nuptiis
1232 1035 1333 1096 noete

273 1141 424 1231 quadam
438 1161 665 1230 suppressum
685 1149 788 1230 atque
805 1149 989 1227 resectum,
1001 1142 1034 1208 11
1052 1141 1226 1211 abbatiam
1244 1142 1336 1211 San-

272 1253 511 1347 dionpsianam
526 1275 633 1344 prope
646 1257 820 1325 Lutetiam
836 1277 873 1325 se
888 1257 1059 1344 recepisse
1071 1254 1188 1345 ibique
1203 1255 1334 1346 proles·

272 1373 406 1441 sionem
424 1371 612 1455 amississe‚
632 1372 790 1441 Heloissa
822 1371 1063 1461 Argantulium
1091 1372 1126 1438 in
1156 1391 1335 1440 sacrarum

273 1487 449 1577 uirginum
468 1487 675 1555 asceterium
704 1487 965 1577 commigrante.
997 1484 1128 1553 Ibidem
1148 1486 1251 1575 idque
1278 1493 1339 1554 aut

282 1607 363 1669 ante
377 1599 568 1669 secundum
584 1598 619 1666 in
634 1599 778 1666 eandem
793 1596 968 1666 abbatiam
982 1617 1192 1685 regressum,
1203 1598 1261 1687 qui
1275 1598 1340 1666 luit

279 1722 357 1805 post
382 1715 597 1784 celebratum
625 1713 823 1782 11101121
863 1713 1111 1781 suessionense
1144 1713 1339 1795 concilium,

281 1837 343 1897 aut
369 1836 445 1918 post
477 1829 667 1897 secundum
696 1829 740 1896 ab
770 1827 888 1896 eadem
918 1827 1280 1916 recessumhymnum
1299 1826 1342 1894 de

285 1951 405 2010 sancto
424 1941 585 2030 Dionysio
605 1940 805 2030 composuit.
818 1941 871 2009 Ab
892 1937 956 2007 hac
969 1939 1063 2007 enim
1082 1941 1212 2028 synodo
1231 1939 1341 2009 redux

280 2064 316 2124 et
335 2077 377 2124 ex
395 2056 550 2136 custodia
570 2056 705 2124 abbatis
721 2056 830 2124 sancti
846 2054 1001 2123 Medardi
1020 2054 1185 2125 dimissus
1205 2077 1283 2125 eum
1300 2057 1336 2124 11

282 2170 398 2239 Bedae
412 2171 596 2240 chronicon
616 2171 805 2254 incidisset,
817 2190 945 2259 negare
969 2169 1080 2257 coepit
1099 2171 1246 2239 eundem
1266 2171 1336 2240 Pa-

280 2286 426 2354 risianm
443 2286 645 2374 Dionysium
672 2305 850 2354 esserum
868 2285 1096 2374 Areopagita3
1119 2287 1211 2354 lrnnc
1241 2287 1336 2355 enim

275 2401 367 2470 Beda
385 2409 525 2469 auctore
544 2399 815 2483 Corinthiorum,
835 2399 935 2466 illum
964 2399 1050 2466 actis
1068 2400 1144 2486 ejus
1172 2401 1335 2469 testanti-

268 2511 979 2600 ’1111111111111111111ορ111111.
1002 2513 1115 2590 Quare
1135 2533 1214 2582 cum
1234 2513 1334 2602 hym-

278 2651 347 2698 nus
367 2637 485 2700 noster
504 2637 621 2719 aperte
655 2628 858 2717 Dionysium
882 2629 1208 2699 Parisicnsemeum
1225 2631 1339 2699 Areo-

283 2747 397 2837 pagita
417 2745 616 2829 confundat,
640 2751 701 2813 aut
732 2744 823 2811 inter
848 2744 1223 2812 111011119111120
1255 2765 1342 2813 con-

280 2861 391 2929 lectus
411 2861 455 2929 sit
474 2880 614 2928 necesse
633 2865 697 2940 est,
720 2863 780 2925 aut
804 2855 905 2940 sorte,
930 2877 1010 2925 cum
1038 2858 1193 2948 Privigni
1212 2858 1342 2947 degens

277 2971 496 3041 Abaelardns
510 2973 619 3040 literis
640 2971 684 3040 ad
704 2969 876 3038 Adaruum
893 2971 1066 3038 Abbatem
1085 2971 1176 3040 datis
1195 2991 1277 3039 suas
1297 2971 1342 3038 dc

280 3088 490 3177 Areopagita
522 3087 700 3176 opiniones
734 3091 995 3152 retractaverat.
1031 3087 1068 3152 ln
1096 3107 1161 3155 usu
1182 3086 1343 3175 liturgico

284 3201 643 3290 Sandionysianornm
665 3201 694 3266 si
714 3219 866 3286 unquam
886 3199 962 3283 luit,
984 3200 1043 3266 diu
1075 3210 1168 3268 certe
1189 3220 1256 3267 non
1290 3220 1342 3267 re-

283 3314 422 3383 mansit.
444 3311 639 3382 Utebantur
653 3309 710 3378 isti
726 3309 875 3396 hymnis,
896 3330 982 3398 quos
1002 3311 1096 3379 laudi
1116 3311 1344 3400 Areopagitae

284 3447 303 3494 a
333 3427 504 3497 Venantio
532 3425 728 3494 Pictavensi
761 3431 795 3492 et
822 3424 976 3512 Eugenio
1012 3425 1173 3494 Toletano
1194 3425 1344 3513 scriptos

278 3543 502 3629 jactitabant.

318 3657 410 3726 ‚Suis
425 3657 468 3725 de
487 3656 649 3746 Dionysio
680 3653 898 3744 opinionibus
916 3634 1016 3743 quasi
1035 3656 1244 3726 acutissimis
1262 3655 1344 3744 qui-

283 3770 433 3839 busdam
469 3771 598 3841 aculeis
626 3772 674 3840 ita
693 3769 909 3838 Abaelardns
939 3771 1345 3841 coenobiarchasmona·

284 3886 437 3976 chosque
455 3888 707 3956 commilitones
733 3886 770 3951 11
807 3885 924 3952 odium
951 3887 1005 3954 sui
1040 3888 1284 3970 concitaverat,
1307 3894 1346 3955 ut

283 4003 394 4072 tutius
420 4003 485 4072 sibi
502 4002 644 4071 ducaret
656 4001 777 4090 ¹lurtim
795 4019 814 4068 e
829 4000 981 4071 claustro
1001 4002 1132 4092 dilapso
1160 4005 1286 4072 Trecas
1300 4003 1345 4073 ad

286 4117 523 4186 Theonatdum
555 4117 764 4204 Campaniae
782 4116 941 4184 comitem
976 4119 1150 4187 secedere.
1171 4120 1232 4187 ltle
1251 4120 1346 4209 peri*

288 4234 475 4321 patetieum
495 4233 562 4302 sibi
588 4240 766 4322 acceptum
781 4231 815 4299 in
844 4233 999 4322 prioratu
1019 4235 1224 4305 Prorinensi
1243 4235 1343 4305 abdi·
