2992 5048
616 445 755 502 ..40-

669 658 716 725 lx

598 849 771 917 Serme.

566 1011 610 1063 Ad
624 1013 806 1064 Matutinum.

294 1228 325 1297 i.
382 1226 547 1296 Perfeciis
565 1228 658 1296 Deus
676 1226 838 1295 omnibus

376 1345 423 1414 'Et
445 1343 610 1432 inspeetis
631 1343 798 1431 operibus

337 1461 478 1528 Summe
496 1459 638 1528 bonus*
658 1466 796 1542 cuncta,
817 1478 905 1546 quae
928 1457 1070 1557 iecerat,

336 1563 553 1643 Valde'bone
570 1575 587 1612 *
607 1573 701 1642 videt
719 1581 754 1642 ei
773 1573 957 1662 approbat.

296 1767 330 1834 2.
386 1767 475 1834 Sunt
495 1765 643 1854 perfecta
656 1769 792 1834 senario

386 1878 518 1946 Cuncta
535 1877 671 1945 dierum
693 1895 848 1960 numere,

343 1994 388 2061 Ut
407 1992 555 2083 perfecta
572 1993 589 2029 *
608 1993 742 2061 dierum
761 1991 856 2080 operi

345 2110 537 2178 Attestetur
554 2107 570 2144 *
589 2116 624 2176 et
646 2108 757 2175 virtus
772 2105 920 2175 numeri.

301 2277 335 2344 3.
394 2276 530 2354 Quievii
544 2275 598 2343 die
618 2275 766 2364 septimo

390 2387 467 2456 Non
487 2388 635 2456 lassatus
650 2388 685 2455 in
704 2388 832 2478 alique,

346 2504 451 2583 Quies
468 2504 571 2592 ipsa*
590 2504 681 2571 Deus
701 2512 878 2593 perpetua,

349 2622 387 2688 ln
402 2638 470 2708 quo
484 2624 607 2686 cuncta
624 2617 640 2653 *
658 2619 785 2707 quietis
804 2616 947 2708 gaudia.

303 2815 337 2884 ἰι.
395 2813 491 2883 Diem
507 2834 588 2902 ergo
601 2814 807 2899 sanctificat]

394 2927 466 3005 Quo
481 2926 646 2994 cessando
660 2927 850 3016 quieverat,

349 3040 387 3106 In
407 3039 550 3108 Sabbaii
568 3041 584 3075 *
602 3040 676 3107 veri
695 3042 858 3130 mysterio

350 3153 527 3222 Benedieit
545 3156 562 3193 *
580 3153 648 3221 diei
667 3154 822 3243 septimo,

304 3351 338 3418 5.
394 3346 490 3415 lilius
509 3347 648 3436 inquam
667 3347 823 3433 Sabbati,

393 3461 489 3538 Quod
507 3469 560 3530 est
579 3461 739 3551 ignarum
758 3459 909 3545 termini,

343 3577 416 3654 Ouo
430 3598 497 3666 pax
512 3577 631 3661 vera‚*
648 3597 783 3644 summa
803 3577 1033 3666 tranquillitas

337 3692 452 3782 ‹Juges
471 3692 541 3782 agit
558 3691 575 3727 '⁸‘
592 3692 760 3762 festorum
780 3693 896 3761 series.

296 3888 329 3955 6.
388 3888 439 3956 Sit
458 3907 579 3977 perpes
598 3885 667 3954 Deo
685 3885 809 3975 glorie,

385 4003 436 4070 Ex
454 4021 522 4091 quo
533 4010 625 4086 sunt,
647 4009 847 4091 quaesunt,
869 4001 997 4084 omnia,

339 4117 458 4206 Ipsum
476 4123 610 4200 cuneta,
630 4114 646 4151 *
665 4136 726 4206 per
744 4124 961 4206 quem-sunt,
981 4116 1160 4206 predicent

340 4231 409 4322 Ipsi
427 4251 576 4322 semper,
597 4229 614 4265 *
632 4232 667 4299 in
683 4253 750 4320 quo
770 4238 864 4316 suni,
877 4231 1040 4321 jubilent.
