2992 5048
693 453 838 508 ..21-

472 600 564 671 offer,
578 614 636 672 per
652 615 745 674 quem
759 601 931 671 offerimur,

470 693 615 761 Pretium,
631 709 693 766 quo
708 694 901 752 redimimur.

269 900 382 988 Atque
401 896 485 966 hace
510 897 546 965 in
572 898 680 984 omni,
703 905 741 968 nt
761 897 927 985 diximus,
956 895 1083 988 hymno
1101 895 1292 968 ohservare

225 1012 317 1093 iicet.
350 1013 532 1103 ignorasse
562 1012 673 1102 igitur
696 1013 936 1083 Ahnelardum
970 1019 1180 1081 accentuum
1205 1010 1301 1102 leges

225 1126 407 1196 dic'cmus‘t
423 1126 536 1197 Absit.
557 1127 595 1197 Si
622 1127 722 1197 enim
745 1128 956 1218 ignorasset,
987 1126 1180 1217 ignorasset
1214 1127 1296 1197 uhi-

225 1259 305 1330 que.
327 1243 404 1311 Jam
423 1261 507 1311 vero
527 1242 677 1312 inomni
700 1250 811 1313 metro
831 1241 1002 1332 quaedam
1020 1247 1103 1312 sunt
1126 1241 1292 1332 syllabae,

223 1354 408 1446 inquibus
438 1357 570 1428 trustra
599 1357 712 1428 simile
734 1358 818 1448 quid
849 1378 912 1427 seu
940 1357 1015 1426 vitii
1043 1376 1106 1426 seu
1137 1357 1298 1441 licentiae

225 1470 428 1561 quaesieris.
458 1474 508 1541 lta
540 1473 576 1541 in
608 1479 720 1542 metro
751 1472 839 1542 illud
868 1470 1099 1542 Ambrosiano
1139 1471 1297 1542 invenies

227 1583 373 1673 quidam·
385 1585 420 1652 in
438 1606 606 1657 versuum
619 1586 759 1677 dipodia
779 1587 905 1677 priore,
927 1587 963 1655 in
982 1587 1173 1677 posteriore
1190 1606 1284 1654 nun-

228 1721 344 1791 quam.
364 1705 473 1773 Solvit
492 1706 608 1796 itaque
626 1706 844 1777 Ahaclardus
863 1715 897 1777 et
915 1708 1042 1797 optimc
1061 1707 1164 1776 scivit
1182 1727 1289 1795 regu-

225 1815 279 1883 las
293 1825 519 1903 accentunm3
539 1818 633 1889 unde
657 1821 736 1890 siin
751 1821 860 1890 altera
875 1840 1037 1891 versuum
1055 1827 1155 1910 parte
1176 1840 1297 1889 accen·

229 1938 285 2003 tus
316 1934 420 2004 certis
452 1933 596 2024 syllabis
625 1933 768 2024 adligat,
804 1934 841 2003 in
872 1934 986 2024 priore
1017 1934 1060 2003 de
1090 1933 1225 2023 syllaba
1256 1933 1292 2001 in

229 2048 398 2138 syllabam
418 2050 569 2138 migrare
599 2050 781 2139 permittit,
804 2069 872 2119 non
902 2049 1118 2140 ignorantiae
1142 2049 1204 2119 scd
1222 2051 1290 2119 arti

229 2159 272 2229 id'
284 2168 386 2252 atque
409 2160 601 2233 industriae
621 2161 845 2231 tribuendum
863 2170 926 2232 est.
940 2240 944 2250 ,
958 2163 1072 2240 Quare
1091 2162 1127 2231 in
1148 2163 1289 2254 hymno,

232 2276 278 2345 de
295 2297 363 2365 quo
381 2297 500 2367 supra,
521 2297 686 2347 versuum
704 2277 845 2347 schema
874 2276 919 2347 ad
940 2284 1090 2347 mentem
1110 2276 1299 2346 Ahaclardi

623 2577 808 2610 -----
824 2574 927 2610 L-L.

277 2785 390 2872 Atque
407 2781 498 2850 hanc
515 2780 582 2851 sihi
600 2781 798 2850 libertatem
822 2801 891 2849 non
911 2786 1041 2849 temere
1059 2778 1211 2850 vindicat
1233 2780 1296 2850 sed

234 2895 387 2965 consilio.
426 2893 515 2963 Nam
547 2895 623 2963 sine
655 2894 715 2962 illa
749 2892 904 2980 rhythmi
943 2891 1132 2961 mutatione
1170 2911 1296 2960 versus

237 3010 341 3101 rigidi
359 3018 452 3096 sunt,
477 3013 550 3081 vita
579 3017 743 3099 motuque
770 3014 890 3076 carent
916 3027 979 3076 nec
998 3013 1036 3075 ut
1054 3006 1156 3076 liberi
1174 3005 1236 3076 sed
1256 3014 1298 3076 ut

237 3125 329 3192 servi
349 3131 419 3208 aut,
449 3123 509 3213 qui
535 3131 753 3204 exercentur,
774 3121 901 3189 milites
921 3121 1124 3209 procedunt.
1145 3120 1193 3188 De
1213 3120 1294 3210 qui-

237 3238 305 3307 hus
321 3237 416 3328 legas
433 3236 551 3322 velim,
572 3258 663 3326 quae
680 3236 858 3326 praeclara
886 3235 1003 3325 Meyer
1023 3235 1060 3302 in
1082 3233 1199 3303 libello
1217 3235 1296 3302 lan-

239 3352 319 3421 date
341 3375 357 3417 a
379 3353 447 3420 Der
465 3350 585 3421 Ludus
599 3352 642 3421 de
661 3349 874 3419 Antichristo
896 3373 912 3415 n
933 3371 968 3439 p.
990 3349 1067 3434 132,
1088 3349 1165 3437 sqq.
1187 3367 1296 3437 expo-

240 3462 302 3531 nit.
336 3461 386 3531 De
413 3461 559 3554 singulis
588 3481 672 3532 vero
704 3460 889 3551 rhythmis,
924 3459 1051 3551 quihus
1078 3459 1297 3530 Abaelardus

239 3595 325 3645 usus
344 3581 408 3660 est,
430 3576 465 3643 in
480 3576 622 3657 notulis,
641 3595 731 3666 quae
746 3575 941 3644 necessaria
960 3574 1182 3656 videbantur,
1201 3573 1299 3641 addi·

238 3685 366 3756 dimus.

284 3803 427 3873 Certum
450 3810 515 3886 est,
535 3802 769 3874 Ahaelardum
788 3801 935 3893 hymnos
953 3822 1036 3871 suos
1055 3802 1197 3872 musicis
1215 3822 1302 3891 quo·

239 3938 308 4010 que
326 3918 474 3988 modulis
493 3919 713 3987 instruxisse.
738 3918 789 3986 Ex
815 3936 884 3984 una
911 3916 1004 3983 enim
1031 3924 1131 4003 parte
1153 3913 1302 3982 musices

239 4039 316 4103 erat
329 4034 473 4124 peritus,
494 4055 537 4103 ex
554 4034 667 4105 altera.
683 4033 706 4101 ii
725 4038 807 4101 sunt
826 4030 977 4121 rhythmi
1002 4029 1211 4119 hymnorum
1231 4029 1304 4096 Pa·

242 4150 491 4236 raclitensium,
513 4158 552 4220 ut
570 4150 691 4240 paucis
714 4146 924 4237 quibusdam
943 4146 1107 4235 exceptis,
1129 4145 1173 4213 ad
1194 4144 1307 4212 melo-

241 4264 317 4333 dias
348 4264 559 4356 hymnorum
600 4264 830 4335 vetustiorum
872 4261 1028 4352 adaptari
1068 4258 1304 4350 nequiverint.
