2992 5048
632 458 669 468 -
686 427 704 484 q
721 459 758 469 ..

165 549 321 617 carmina
333 549 429 617 sestis
444 557 642 620 sanctorum
657 552 831 636 destinata
848 548 1098 638 complectitur.
1114 547 1228 618 Accu·

166 664 330 734 rationem
359 664 484 735 codicis
513 666 780 757 descriptionem
799 666 828 735 si
844 665 1035 749 desideres,
1056 668 1170 733 exstat
1189 662 1227 730 in

167 779 272 866 libr0‚
295 779 350 849 cui
369 781 507 849 titulus:
526 779 662 870 Compte
684 782 796 851 rende
814 781 869 849 des
888 785 1019 850 sceneos
1032 778 1120 847 delo
1138 799 1231 847 oom-

167 896 308 964 misst‘on
320 897 433 985 royeta
450 897 630 985 ‹t'ln‘stoira
651 905 744 968 tome
759 899 802 984 V,
821 918 857 987 p.
880 896 945 964 130
959 916 1035 985 sqq.

210 1007 335 1083 (lodex
369 1007 628 1084 calmontanus
664 1013 952 1083 membranaceus
977 1017 1041 1095 est,
1069 1009 1231 1079 foliorum

169 1126 248 1212 245,
270 1127 360 1196 altus
382 1128 436 1213 18,
454 1129 544 1197 latus
564 1129 619 1215 13,
637 1130 657 1196 5
677 1150 759 1216 cm,
780 1127 918 1198 saeculo
940 1134 999 1195 aut
1017 1127 1080 1194 XV
1100 1147 1154 1195 ex.
1171 1130 1232 1194 aut

170 1242 246 1309 XVI
261 1244 311 1310 in.
325 1243 486 1332 scriptus.
502 1244 722 1313 Breviarium
738 1251 802 1330 est,
824 1263 894 1312 non
913 1249 1027 1311 tamen
1038 1243 1230 1331 integrum,

169 1356 231 1426 sed
244 1357 402 1427 diurnale
432 1361 525 1447 quod
539 1369 676 1445 vocant,
698 1361 742 1431 ad
767 1381 870 1430 usum
884 1360 1155 1429 Paraolitensem
1178 1376 1232 1426 ac·

169 1472 433 1542 commodatum.
453 1475 570 1546 Codex
599 1475 679 1546 licet
697 1477 905 1567 spectandae
924 1473 1140 1564 antiquitatis
1164 1492 1234 1540 non

170 1587 226 1673 sit,
236 1589 286 1656 rei
303 1595 416 1658 tamen
432 1589 635 1678 hymnariae
645 1591 798 1660 studioso
813 1593 982 1659 maximae
992 1595 1046 1659 est
1060 1587 1232 1658 utilitatis.

168 1701 222 1770 Ad
232 1710 380 1773 aetatem
392 1705 485 1772 enim
495 1705 586 1794 quod
601 1707 735 1792 attinet,
752 1707 816 1775 etsi
831 1704 1074 1775 sextodecimo
1090 1703 1233 1772 demum

170 1820 307 1888 saeculo
330 1820 498 1909 scriptum
513 1821 660 1909 judiceS,
672 1842 740 1890 non
759 1829 877 1891 tamen
896 1820 986 1889 illico
1000 1818 1234 1910 spernendus.

170 1934 323 2026 Longius
337 1935 429 2002 enim
446 1937 502 2005 vel
520 1936 751 2026 antiquissimi
766 1936 1019 2021 Demosthenis,
1044 1934 1234 2015 Ciceronis,

174 2049 323 2135 Horatii,
344 2051 491 2119 aliorum
505 2071 592 2139 quos
612 2053 770 2121 novimus
789 2052 924 2121 codices
944 2053 990 2121 ab>
1007 2072 1129 2121 eorum
1150 2070 1233 2120 auc·

175 2166 312 2235 toribus
323 2166 462 2253 absunt,
483 2189 589 2256 quam
608 2167 653 2236 ab
666 2168 862 2237 Abaelardo
878 2168 1013 2237 saeculo
1032 2166 1233 2236 duodecimo

172 2282 318 2350 tlorente
341 2280 448 2377 codes
462 2283 659 2372 sejungitur
679 2282 936 2353 Calmontanus.
959 2283 1034 2369 Qui,
1051 2303 1132 2351 eum
1150 2301 1232 2350 rara

176 2415 336 2486 quaeque
360 2380 442 2465 cara
461 2405 681 2484 censeantur,
722 2395 775 2465 vel
807 2397 886 2466 ideo
912 2399 1020 2466 multo
1033 2397 1231 2486 pretiosior,

171 2510 264 2596 quod
284 2510 419 2578 nullum
438 2512 578 2580 omnino
597 2518 736 2601 praeter
767 2511 830 2580 hoc
850 2533 959 2581 unum
980 2512 1030 2581 rei
1049 2511 1232 2601 liturgicae

175 2623 424 2694 Paraelitensis
438 2633 703 2695 monumentum
721 2626 765 2695 ad
797 2635 916 2696 nostra
935 2647 1045 2716 usque
1080 2633 1237 2713 tempora

175 2736 348 2830 pervenit.
367 2740 461 2810 Nulli
480 2743 573 2810 enim
587 2740 731 2826 Missali,
752 2741 932 2811 Breviario
952 2742 1036 2810 nulli
1056 2761 1117 2810 seu
1132 2761 1240 2809 manu

175 2875 239 2925 seu
257 2857 354 2945 prelo
377 2864 530 2943 exarato,
552 2858 640 2927 nulli
654 2857 792 2927 omnino
825 2856 1077 2948 Antiphonario
1107 2853 1239 2924 nullive

176 2969 341 3038 Graduali
356 2976 493 3060 tempus
512 2971 701 3041 exstinctor
717 2971 882 3060 pepercit.
899 2971 1040 3056 Deinde,
1053 2969 1134 3038 licet
1157 2968 1239 3037 huic

174 3102 312 3174 quoque
332 3084 439 3154 codici
473 3086 599 3155 menda
630 3085 810 3154 hincinde
836 3105 905 3153 non
931 3105 1041 3176 pauca
1069 3083 1238 3176 adspersa

176 3199 259 3283 sint,
279 3219 321 3267 ex
342 3207 412 3268 toto
430 3207 546 3270 tamen
566 3201 673 3271 codici
691 3201 913 3269 Bruxellensi
925 3201 1067 3269 interior
1081 3220 1151 3268 non
1170 3205 1235 3284 est,

176 3311 353 3403 multaque
368 3313 472 3403 hujus
489 3315 575 3384 vitia
593 3316 688 3384 illius
707 3335 770 3404 ope
794 3316 836 3384 de
871 3314 983 3383 medio
1001 3314 1123 3383 tollere
1152 3311 1239 3380 mihi

174 3426 283 3498 licuit.
297 3429 408 3518 Cujus
429 3431 479 3499 rei
496 3451 605 3519 pauca
625 3451 666 3498 ex
687 3430 805 3500 multis
825 3429 982 3519 exempla
1000 3428 1204 3516 depromam
1223 3447 1235 3493 1:

217 3542 334 3612 Edidit
357 3544 452 3614 Pitra
472 3547 508 3612 in
542 3546 693 3636 hymmo,
707 3546 768 3634 qui
787 3545 821 3612 io
838 3564 901 3613 suu
930 3543 1080 3613 editione
1099 3541 1237 3632 primus

171 3662 235 3742 est,
255 3677 361 3727 versu
379 3659 513 3729 docimo
533 3681 542 3728 t
563 3661 639 3729 Non
658 3666 776 3729 censet
808 3658 907 3728 illum
938 3660 1135 3747 imperium,
1170 3656 1234 3725 ubi

172 3771 360 3862 legendum
385 3774 549 3845 docemur
583 3773 757 3862 impium3
782 3783 817 3845 et
840 3786 919 3864 post
950 3774 1037 3844 duos
1074 3793 1230 3842 versus:

171 3886 269 3962 Quod
288 3907 352 3958 nec
370 3900 494 3979 gravat
519 3890 656 3958 tandem
679 3910 742 3959 nec
761 3889 899 3972 minuit,
920 3887 981 3957 ubi
1012 3886 1201 3980 legendum
1219 3891 1247 3958 a*

170 4001 262 4089 quod
290 4023 353 4073 nec
375 4013 500 4096 gravat
532 4005 679 4077 dantem
700 4026 763 4075 nec
793 4006 931 4075 minuit.
966 4006 1113 4094 Hymmo
1143 4001 1235 4093 apud

169 4113 305 4184 Pitram
341 4117 474 4188 decimo
500 4117 588 4191 Jotu
606 4120 660 4189 vel
683 4120 816 4209 apicem
845 4121 1032 4210 legendum
1069 4140 1131 4209 pro
1164 4127 1234 4187 totu

170 4228 225 4299 vel
263 4231 396 4320 apicem
418 4256 426 4318 ;
455 4233 594 4325 hymmo
622 4235 721 4303 XVI:
742 4232 815 4306 dici
836 4215 1042 4305 dominicam
1061 4254 1124 4324 pro
1142 4234 1235 4302 diem
