2992 5048
630 434 773 493 ..14-

168 559 235 644 dit,
262 557 323 626 ubi
352 556 486 625 tamdlu
523 556 581 626 ille
614 556 785 640 latitabat,
820 558 929 626 donec
964 555 1231 647 Sandiouysiani

168 673 312 744 veniam
325 670 374 740 illi
392 671 634 755 concederent,
645 673 680 739 in
700 692 941 762 quemcunque
958 673 1062 743 uellet
1077 692 1232 740 eremum

168 810 211 859 se
228 786 434 877 recipiendi,
458 787 559 857 modo
579 787 678 856 alteri
698 788 906 857 monasterio
926 806 1050 856 nomen
1078 807 1146 856 non
1166 786 1232 855 da-

172 913 241 975 ret.
266 903 411 973 Prouini
432 923 493 971 seu
510 903 668 993 Privigni
682 903 890 973 monasterio
909 903 1022 972 Cellae
1036 903 1154 972 Sancti
1172 903 1236 970 ni-

173 1020 296 1111 gulphi
317 1039 444 1088 nomen
464 1025 540 1087 erat
571 1018 817 1109 (Saint-Ayoul
836 1020 879 1088 de
897 1019 1068 1108 Provins),
1087 1038 1128 1087 eo
1140 1017 1237 1108 quod

175 1137 288 1205 sancti
306 1133 412 1223 hujus
432 1132 589 1202 membra
617 1131 747 1202 ibidem
778 1140 1055 1219 asservarentur,
1076 1133 1239 1202 Lirinen-

177 1250 277 1320 sibus
294 1250 442 1319 alterum
479 1247 724 1338 integrumque
738 1249 896 1337 ejusdem
915 1250 1024 1318 sancti
1042 1268 1167 1338 corpus
1182 1249 1240 1316 ni-

180 1366 252 1436 hilo
272 1365 386 1436 secius
404 1363 667 1433 venerantibus.
687 1364 785 1434 Unde
803 1365 932 1434 mirum
951 1386 1018 1434 non
1037 1373 1102 1449 est,
1122 1365 1239 1434 Abac-

178 1482 316 1552 lardum
336 1488 370 1549 et
387 1485 507 1549 sancio
527 1486 561 1548 01
579 1480 757 1550 monachis
777 1488 896 1551 sancto
915 1481 1060 1568 devotis,
1081 1482 1140 1572 qui
1159 1503 1241 1571 asy-

173 1598 247 1666 lum
285 1597 431 1687 prolugo
463 1601 719 1680 concesserant,
740 1594 912 1685 hymnum
939 1597 1031 1686 grati
1060 1598 1114 1666 sui
1133 1596 1242 1665 animi

172 1713 426 1783 documentum
448 1711 642 1799 reliquisse.

217 1829 407 1916 Postquam
442 1826 608 1916 Priuigno
646 1825 767 1895 relicto
793 1826 1015 1917 paratiquod
1044 1838 1183 1918 tempus
1202 1828 1239 1897 in

173 1943 260 2013 cella
278 1941 516 2037 Paraclitensi,
537 1962 642 2029 quam
674 1941 711 2009 in
740 1962 827 2032 agro
846 1942 1048 2011 Trecassino
1068 1942 1242 2012 fundare-

175 2064 243 2140 rat,
283 2043 523 2125 scholasticam
553 2055 775 2141 juventutem
806 2055 1037 2144 undequaque
1074 2059 1118 2126 ad
1136 2056 1242 2146 pedes

176 2171 253 2259 ejus
285 2169 515 2239 confluentem
551 2168 720 2239 doctrinis
758 2170 976 2256 excoluisset,
994 2171 1087 2240 circa
1111 2191 1242 2240 annum

177 2285 265 2355 1126
285 2284 395 2353 abbas
418 2285 619 2354 monasterii
652 2286 771 2354 Sancti
804 2284 924 2354 Gildae
941 2287 976 2353 in
1008 2274 1095 2355 [luia
1113 2286 1245 2375 (Saint-

183 2400 304 2472 Gildas
321 2399 364 2468 de
390 2399 503 2488 Ruits)
524 2399 559 2466 in
597 2399 761 2468 1111011010
797 2401 977 2470 Armorica
1014 2403 1144 2470 electus
1176 2406 1240 2484 est,

182 2534 289 2603 quam
303 2513 506 2602 dignitatem
522 2533 634 2601 usque
653 2512 697 2582 ad
712 2535 844 2582 annum
861 2515 968 2583 ferme
984 2515 1072 2584 1131
1084 2515 1241 2584 retinuit.

181 2628 256 2696 Hoc
287 2635 441 2717 tempore
459 2625 608 2713 Gildam‚
638 2628 694 2695 cui
719 2647 845 2696 nomen
879 2629 1052 2719 Sapientis
1082 2628 1244 2718 aequales

181 2741 395 2827 indiderunt,
425 2741 588 2812 uersibus
626 2761 810 2810 exornasse
848 2740 1041 2811 credendus
1072 2751 1136 2813 ast.
1158 2742 1242 2812 Tres

181 2860 267 2927 istos
280 2856 436 2947 hymnos
454 2857 752 2946 sandionysianis,
775 2857 1059 2941 Provinensihus,
1078 2856 1243 2926 1111101111-

181 2974 249 3042 hus
281 2973 484 3053 destinatos,
524 2974 779 3042 Paraclitenses
817 2975 1038 3062 postmodum
1074 2974 1242 3042 moniales

181 3108 244 3178 pro
262 3109 327 3157 sua
354 3090 389 3155 in
410 3086 631 3156 fundatorem
650 3089 777 3178 pietate
809 3086 991 3176 hymnario
1009 3107 1072 3156 suo
1089 3087 1245 3156 inserue-

180 3211 276 3273 runt.

228 3317 390 3386 Dixeram
410 3316 512 3407 paulo
527 3324 621 3402 ante,
643 3335 762 3384 omnes
782 3315 928 3405 hymnos
949 3315 1120 3384 Breviarii
1136 3316 1248 3383 Para-

181 3433 335 3502 clitensis
361 3431 549 3501 hhaelardi
582 3438 617 3500 et
635 3430 772 3499 dicendi
800 3451 912 3521 genus
938 3438 972 3500 et
1005 3431 1247 3519 rhythmorum

181 3531 336 3617 rationes
364 3569 448 3637 prae
480 3567 519 3616 se
555 3546 649 3615 ferre
667 3566 737 3615 uno
775 3554 929 3636 excepto.
963 3547 995 3614 ls
1025 3547 1176 3635 hymnus
1192 3552 1247 3613 est

182 3663 333 3750 CXVlll,
347 3664 409 3753 qui
428 3664 463 3731 in
481 3662 658 3732 Benedicti
678 3661 841 3730 laudibus
860 3668 1032 3732 versatur.
1048 3661 1139 3729 Dum
1153 3659 1248 3728 enim

182 3797 302 3847 omnes
320 3779 446 3868 reliqui
465 3779 584 3870 hymni
604 3777 778 3868 rhythmis
807 3778 1010 3862 decurrunt,
1039 3777 1106 3845 iste
1125 3775 1249 3843 metri-

182 3913 245 3963 cus
263 3893 328 3965 est.
349 3895 449 3965 Unde
462 3902 640 3985 tamquam
659 3894 820 3982 spurium
836 3914 917 3962 eum
940 3891 1081 3961 omnino
1105 3888 1248 3978 rejecis-

183 4029 269 4097 sem,
290 4010 357 4079 nisi
371 4010 541 4100 quaedam
571 4009 724 4079 rationes
754 4009 976 4099 impedirent,
997 4008 1182 4096 quominus
1201 4003 1246 4073 ab

184 4125 782 4216 Abaelardoconiectumpernegem.
796 4125 897 4194 Certe
912 4125 1073 4212 hymnus,
1090 4122 1120 4191 si
1133 4120 1246 4189 Abac-

185 4243 286 4328 lardi,
308 4264 377 4314 non
396 4264 437 4313 ex
451 4264 571 4314 eorum
591 4248 644 4311 est
662 4260 819 4326 munero,
838 4258 926 4329 quos
951 4239 996 4308 ab
1027 4237 1125 4308 initio
1143 4234 1246 4326 hym·
