2992 5048
689 442 833 500 ...56-

702 634 812 703 XXlll

594 800 733 868 ·an1n
759 818 908 879 onnam.

646 938 690 990 Ad
704 940 857 1004 vesperas.

212 1139 258 1210 r,
307 1141 440 1211 Aetatis
458 1141 587 1210 saeculi
599 1143 620 1180 *²
629 1147 776 1232 quartae
792 1139 1024 1230 primordium

310 1257 448 1326 Ponunt
464 1257 644 1346 theologi*
660 1277 808 1347 regnum
826 1255 1047 1337 Davidieum,

311 1371 413 1440 lstius
431 1391 576 1461 vespera
594 1374 614 1410 ’¹⁶
629 1372 669 1440 fit
688 1369 950 1461 transmigratio

310 1487 488 1557 israelitici
506 1485 526 1522 *³
541 1488 609 1556 sub
628 1486 833 1577 Babylonio.

220 1691 258 1744 ⁴.
316 1675 356 1743 In
374 1675 485 1745 David
504 1675 630 1744 caritas
647 1672 665 1708 *
678 1674 828 1765 perfecta
848 1674 1021 1765 noscitur,

309 1789 404 1866 Quae
425 1809 588 1858 saevos...
609 1796 643 1859 el
661 1796 677 1832 *
696 1791 812 1860 hostes
830 1789 1064 1879 amplectitur,
1108 1865 1115 1878 ‚

311 1905 468 1997 Pepercit
484 1905 593 1992 Salili,
612 1905 633 1942 ⁴*
649 1925 752 1994 quem
770 1905 901 1995 planxit
921 1912 1110 1988 mortuum,

310 2021 420 2090 Morte
434 2041 511 2090 mox
530 2021 715 2112 puniens*
731 2019 931 2089 mendaeem
950 2021 1127 2090 nuntium.
1261 2056 1264 2061 ·

234 2209 259 2286 ’.
315 2217 484 2287 Hostilem
502 2218 627 2307 religat
644 2218 663 2255 ’¹‘
674 2217 881 2306 praedonem
905 2217 1032 2286 caritas

311 2332 384 2401 Nec
402 2332 468 2402 erit
479 2333 615 2401 animae
628 2331 648 2368 '⁸‘
664 2352 743 2400 oum
761 2331 824 2400 lroe
843 2330 1037 2420 eaptivitas,

312 2443 383 2514 Ubi*
398 2443 559 2528 deluerit,
574 2445 595 2482 *⁹
609 2446 705 2515 salus
723 2446 907 2530 amittitur,

310 2560 356 2631 Et
374 2562 483 2631 nostri
501 2562 652 2651 pectoris
669 2563 689 2599 *²
704 2560 789 2629 urbs
807 2560 897 2629 hosti
917 2557 1082 2627 traditur.

246 2803 254 2820 .
315 2748 465 2820 Perenni
484 2745 658 2819 Domino*
676 2767 799 2838 perpes
811 2745 856 2816 sit
873 2743 999 2836 gloria,

310 2866 363 2935 Ex
373 2886 442 2955 qun
458 2873 551 2953 sunt,
570 2885 631 2955 per
649 2859 883 2954 quemsunt,*
904 2861 1024 2951 inquo
1038 2866 1121 2929 sunt
1138 2856 1254 2926 omnia
1274 2876 1284 2923 :

311 2979 364 3050 Ex
382 3000 451 3072 qno
471 2988 564 3063 sunt,
586 2987 684 3071 pater
701 2985 765 3063 est,
778 2978 873 3068 *per
887 2998 991 3067 quem
1009 2982 1103 3059 sunl,
1124 2973 1232 3054 lilius,

308 3096 348 3164 in
368 3116 436 3186 quo
455 3104 548 3180 sunt,
569 3095 678 3186 patris
691 3100 724 3163 et
742 3092 758 3129 *
777 3092 837 3161 filii
851 3092 1010 3182 spiritus.
