2992 5048
653 433 796 491 ...80-

444 580 496 641 En,
509 579 555 631 die
568 580 638 633 solis
652 593 776 648 congrue

446 668 580 720 Nascitur
591 669 635 722 sol
645 670 784 734 iustitiae.

232 813 256 869 Ε
275 813 381 867 eontra
395 813 426 865 et
440 809 637 867 carnetensis
649 810 897 881 hymnographus
906 809 1057 880 quaedam
1068 810 1168 881 babet,
1180 826 1262 883 quae

196 908 280 980 apud
296 906 684 964 Abaelardumdesideres.
707 907 760 963 Die
777 907 858 962 enim
879 906 1029 963 dominica
1054 894 1202 965 mundum
1224 910 1262 966 ut

198 1004 353 1062 conditum
365 1003 409 1059 ita
419 1006 449 1058 et
459 1005 634 1073 reparatum
648 1004 845 1074 verbumque
855 1004 987 1060 humana
996 1017 1088 1062 carne
1102 1010 1263 1078 assumpta

200 1101 312 1158 mundo
328 1102 434 1156 natum
447 1098 543 1155 iniisse
558 1103 716 1156 asseverat
730 1117 737 1183 ξ

204 1225 207 1231 '
292 1221 368 1277 Haec
378 1218 490 1269 dierum
503 1219 594 1284 prima
608 1218 679 1282 dies,
696 1221 727 1271 in
739 1233 795 1286 qua
807 1220 885 1271 orbis
900 1220 1039 1281 conditur,

290 1307 447 1373 Postquam
459 1309 540 1370 pater
552 1307 766 1372 protoplaustos
782 1320 819 1358 ex
832 1307 916 1370 eulpa
930 1305 1071 1371 dejicitur,

292 1395 381 1455 Quem
394 1408 529 1461 reparans
541 1395 619 1448 Deus
633 1394 747 1460 lapsum
759 1395 813 1447 hee
825 1394 870 1447 die
884 1395 1072 1462 progreditur,

235 1542 237 1546 ,
290 1485 332 1536 De
345 1483 456 1548 virgine
471 1484 564 1534 sactus
578 1484 664 1535 home
681 1482 843 1548 redemptor
855 1482 1030 1549 producitur.
1186 1476 1188 1480 ’

197 1623 256 1681 Sed
270 1623 345 1680 haec
361 1623 399 1681 de
410 1623 460 1681 bis
475 1623 589 1681 dixisse
602 1623 690 1680 nobis
703 1623 848 1680 sufficiat.

234 1724 328 1780 XVII.
343 1726 366 1779 B
384 1722 440 1780 iol.
460 1724 496 1780 85
510 1737 536 1779 a.
552 1752 587 1764 -
601 1723 757 1780 Lectiones
770 1721 923 1779 variantes
939 1723 1171 1782 etsmotands:
1186 1725 1260 1792 2,1.

196 1822 236 1878 Et
249 1834 320 1877 cum
333 1820 412 1876 ierat
426 1835 488 1877 nen
503 1819 562 1878 hoc
582 1824 615 1889 B,
642 1834 734 1892 quem
757 1819 894 1876 codicem
922 1821 1062 1892 sequitur
1078 1823 1165 1890 Pita3
1183 1821 1266 1879 bene

198 1931 310 1974 vocum
336 1917 495 1989 sequelam
519 1917 692 1973 immutavit
715 1917 829 1975 cousin
863 1917 902 1974 ad
930 1931 1068 1974 normam
1098 1917 1256 1988 rhythmi:

197 2015 326 2070 Etcum
340 2027 409 2071 non
422 2014 508 2081 serat
517 2014 587 2069 boc.
597 2043 634 2053 —
646 2013 673 2083 3,
690 2010 762 2083 laq.
778 2013 998 2070 hebdomadam
1008 2017 1046 2081 133
1061 2018 1144 2071 recte
1158 2028 1262 2071 emen·

200 2110 285 2168 davit
296 2111 410 2168 cousin
422 2111 636 2168 hebdomoda.
656 2111 737 2166 Male
753 2124 878 2167 sensum
887 2126 1034 2168 versuum
1042 2112 1263 2184 interpretatus

201 2210 250 2263 est
262 2207 346 2264 Pitra
359 2207 393 2262 in
408 2208 514 2263 notula
528 2207 679 2263 scribens:
695 2208 941 2276 completoriam
954 2208 1184 2278 septimanam
1199 2209 1264 2266 diei

193 2304 362 2374 poscimus
398 2302 552 2374 requiem,
589 2303 733 2360 videlieet
762 2304 999 2362 hebdomadam
1033 2301 1171 2362 tandum
1206 2321 1264 2365 seu

201 2404 337 2458 coctum.
354 2400 529 2458 Hebdomas
561 2400 686 2457 laudum
709 2401 790 2457 enim
803 2415 865 2458 non
888 2402 1008 2459 coelum
1028 2402 1180 2473 significat
1209 2406 1265 2463 sed

202 2499 412 2570 septenarium
425 2498 569 2554 horarum
580 2498 794 2558 canonicarum
803 2512 965 2555 numerum
975 2499 1154 2569 (secundum
1164 2501 1257 2560 illud:

202 2595 317 2667 septies
332 2596 364 2651 in
379 2595 428 2652 die
443 2595 566 2652 laudem
580 2593 641 2651 dixi
652 2594 735 2664 tibi);
747 2595 850 2666 itaque
861 2594 1070 2664 iungendum:
1094 2598 1178 2653 Hora
1196 2595 1258 2654 diei

200 2693 342 2764 septima,
367 2693 519 2762 completa
541 2691 667 2748 laudum
693 2691 892 2760 hebdomada,
920 2694 955 2749 tu
982 2697 1096 2762 nostro,
1125 2693 1259 2765 domine,

200 2789 330 2847 benedic
345 2789 481 2846 sabbato.
501 2792 609 2859 Neque
621 2789 679 2844 hoc
694 2788 852 2846 sabbatum
867 2790 1000 2846 coeleste
1014 2790 1092 2848 illud
1107 2795 1163 2861 est,
1180 2792 1264 2862 quod

200 2883 294 2941 finem
314 2885 444 2953 nesciat,
457 2883 512 2941 sed
525 2884 657 2956 quietem
673 2883 769 2940 noctis
793 2883 953 2954 significat,
975 2900 1054 2955 quae
1074 2885 1112 2942 ad
1135 2886 1265 2944 alteram

202 2981 329 3038 laudum
344 2981 565 3038 hebdomadam
577 2980 626 3037 die
641 2981 780 3050 sequenti
791 2981 994 3051 incipiendam
1009 2987 1168 3040 cantorum
1176 2983 1262 3041 vires

201 3081 335 3149 reparet.
350 3108 386 3118 -
400 3079 427 3146 4,
448 3077 462 3132 1
490 3092 557 3149 sqq.
571 3077 617 3134 hd
631 3077 788 3133 collectam
802 3077 991 3147 completorii
1008 3079 1128 3136 adludit
1141 3083 1233 3151 poeta
1253 3095 1262 3135 r

202 3176 312 3243 visita,
328 3187 527 3246 quaesumus,
540 3173 676 3242 Domine,
691 3173 907 3230 habitationem
921 3174 1010 3232 istam
1023 3177 1060 3245 (4,
1075 3177 1088 3231 1
1091 3187 1101 3244 t
1112 3180 1143 3233 et
1153 3190 1264 3233 ‚omnes

203 3270 331 3327 insidias
347 3269 463 3327 inimici
478 3268 515 3325 ab
526 3281 562 3323 ea
576 3268 667 3335 longe
678 3267 794 3337 repelle
813 3266 850 3336 (4,
870 3267 911 3339 2),
939 3268 1040 3338 angeli
1064 3269 1162 3325 sancti
1179 3268 1265 3325 habi·

203 3369 270 3423 tent
284 3367 317 3422 in
332 3366 446 3436 ea‚qui
457 3376 513 3421 nes
528 3364 560 3419 in
573 3376 648 3434 pace
670 3361 842 3418 custodiant
856 3364 894 3433 (4,
908 3366 946 3433 3),
965 3367 995 3421 et
1008 3365 1181 3422 benedictio
1205 3368 1266 3434 ¹tua

204 3464 246 3520 sit
260 3477 354 3535 super
368 3476 425 3519 nos
441 3475 580 3532 semper;
592 3458 646 3515 cir.
664 3459 783 3515 etiami
799 3461 865 3529 Pet,
876 3462 905 3530 5,
919 3461 948 3517 8.
965 3492 1001 3501 -
1013 3462 1041 3530 4,
1057 3461 1265 3519 4111101111.

201 3562 231 3630 5,
244 3561 276 3615 2.

240 3659 339 3713 xvlll
351 3660 374 3713 Β
388 3655 441 3713 fol.
457 3656 493 3712 35
505 3669 532 3711 a.
546 3683 581 3694 -
598 3651 753 3710 bernone·
780 3653 952 3711 uariantes:
977 3656 1005 3723 2,
1020 3657 1047 3711 3.
1065 3655 1270 3712 similitudine

203 3755 335 3826 quadam
346 3769 364 3833 a
377 3753 510 3823 singula,
520 3752 637 3823 post,B.
650 3749 744 3819 Pitra,
755 3750 837 3820 quod
846 3754 949 3807 tamen
959 3766 1053 3808 sensu
1061 3753 1270 3822 caret31egen·

201 3850 274 3908 dum
287 3851 326 3908 ad
341 3850 520 3919 singula-
531 3848 559 3916 3,
571 3848 690 3903 ibono
705 3845 916 3916 incomposita,
929 3850 967 3914 Β;
985 3848 1068 3905 addit
1079 3848 1163 3906 Pitra
1180 3851 1270 3905 notu·

200 3948 262 4004 lam
279 3964 286 4004 :
319 3965 333 4002 ‹
352 3947 553 4005 *dimissimus
567 3943 616 3998 vir
631 3942 745 4000 cousin
760 3942 854 4000 edidit
866 3947 955 4002 itanc
972 3961 1011 4011 ›;
1033 3945 1087 4003 sed
1105 3946 1173 4016 ipse
1187 3945 1271 4003 Pitra

200 4043 280 4099 nihil
297 4042 394 4100 edidit
415 4042 500 4100 aliud
525 4040 584 4097 nisi
612 4041 711 4106 Tune,
737 4039 792 4095 sed
812 4043 899 4111 puto,
921 4042 1060 4099 voluisse
1086 4055 1156 4099 eum
1178 4040 1270 4098 edere

198 4142 314 4206 Nunc;
325 4140 392 4211 jam
407 4154 503 4212 supra
516 4139 597 4196 enlm
610 4138 663 4205 XI,
678 4137 706 4203 3,
717 4137 744 4205 1,
755 4137 875 4199 litteras
891 4140 914 4194 b
930 4143 961 4196 et
981 4143 1008 4196 N
1033 4139 1272 4197 confundentem

200 4237 343 4295 vidimus.
359 4269 395 4280 -
408 4239 437 4306 3,
453 4239 481 4306 4,
497 4220 579 4294 aetas
590 4237 740 4302 eterrena,
755 4236 788 4289 B.
801 4252 836 4278 ·-·
851 4237 879 4306 4,
892 4237 920 4307 4,
935 4236 1105 4308 infantiam,
1122 4240 1154 4294 B.
